|0000|019|0|01012025|31012025|HIGIE TOPP IND. E COM. DE PRODUTOS HIGIENICOS E TEXTEIS LTDA|02120411000308||MG|0046219450019|3125101|||A|0|
|0001|0|
|0002|09|
|0005|FILIAL MG|37646900|ROD FERNAO DIAS N/S|SN|KM 937 GALPAO500 MODULO 3|DISTRITO INDUSTRIAL|1124043003||contabilidade@higietopp.com.br|
|0015|MG|0046219450019|
|0015|SP|336461872119|
|0100|ROSANGELA VANNI DIAS|04995161848|1SP2044449O-0||07144340|RUA GOV ARCHER|179||CHACARA CABUCU|1124043003||contabilidade@higietopp.com.br|3518800|
|0150|SA10200039601|HIGIE TOPP INDUST. E COM. DE PROD.HIGIENICOS E TEXTEIS LTDA.|1058|02120411000146||336461872119|3518800||R GOVERNADOR ARCHER|179||CHACARA CABUCU|
|0150|SA10200060601|FLORIVALDO MARTINS S.A.|1058|38544763000176||4316821720014|3143104||ROD MG 190, 0 KM 29|SN||LAGOINHA|
|0150|SA10200125401|AUVERGNE PRODUTOS ALIMENTICIOS LTDA|1058|90074105000420||0962601993|4314902||R VITOR VALPIRIO|531||ANCHIETA|
|0150|SA10200126801|L S GUARATO LTDA|1058|19867464000470||7014395250336|3170107||AV ALEXANDRE BARBOSA|1760||MERCES|
|0150|SA10200166201|CAMPINEIRA UTILIDADES LTDA   LJ 03|1058|01828774000330||116364648118|3550308||R ARAGUAIA|588||PARI|
|0150|SA10200172601|NIPOPLAS ARMARINHOS LTDA|1058|03708205000114||9020631373|4106902||R MONSENHOR CELSO|241|LOJA A|CENTRO|
|0150|SA10200292601|CIRURGICA SANTA CRUZ COM. DE PRODUTOS HOSPITALARES LTDA.|1058|94516671000153||1080080187|4316808||AV MELVIN JONES|1700||JARDIM EUROPA|
|0150|SA10200294201|MACRO ATACADO KROLOW LTDA|1058|01060735000173||0930333020|4314407||R ENG. IDELFONSO SIMOES LOPES|41||TRES VENDAS|
|0150|SA10200300701|ALVELOS ALIMENTOS EIRELI|1058|05976906000160||77650385|3304557||AV BRASIL|19001|- PAV.41 - BOX 25/27|COELHO NETO|
|0150|SA10200376601|COMERCIAL SCHIAVINI LTDA EPP|1058|06027790000185||1320119627|4320008||R MARECHAL DEODORO|633||CENTRO|
|0150|SA10200407001|PERFUMAO COMERCIO DE COSMESTICOS LTDA|1058|07990671000196||255186770|4204301||RUA PREFEITO SEGUNDO DALLA COSTA|517||DAS NACOES|
|0150|SA10200431201|GERMAN COMERCIO DE UTIL.DOMESTICAS LTDA  EPP|1058|08953586000110||149739190110|3550308||R JOAQUIM CARLOS|419||BELENZINHO|
|0150|SA10200456601|MACHRY ATACADO D TUDO - EIRELI|1058|08544721000174||1550078272|4322608||R SETE DE SETEMBRO|1202||CENTRO|
|0150|SA10200470101|ARMARINHO DELMAR LTDA|1058|33102542000124||81181799|3304557||R SENHOR DOS PASSOS|279/283|E 285|CENTRO|
|0150|SA10200486001|CORDEIROPOLIS UTILIDADES DOMESTICAS LTDA|1058|04043178000332||272074926118|3512407||AV FAZENDA IBICABA|70||DIST IND PJGB|
|0150|SA10200504701|GOLTZ DISTRIBUIDORA DE ALIMENTOS LTDA|1058|06117245000180||1080139602|4316808||R PARAGUAI|211||BOM FIM|
|0150|SA10200507201|APOLO AROMAS DO BRASIL COM DE COSM LTDA - ME|1058|55270730000102||148394524114|3550308||RUA MALMEQUER-DO-CAMPO|1009|GALPAO7 E 8|GLEBA DO PESSEGO|
|0150|SA10200513001|REAL MADRI COMERCIO DE GENEROS ALIMENTICIOS LTDA|1058|10403248000157||78630264|3304904||ROD AMARAL PEIXOTO, KM 9,5 PAVLH T LOJA 1|SN||COLUBANDE|
|0150|SA10200545901|DISTRIBUIDORA REDEPAS COM.  ATAC. DE PROD. PARA S LTDA|1058|05912037000100||177225258110|3502804||R PROFESSOR RUBENS REGO FONTAO|900||PQ INDUSTRIAL|
|0150|SA10200557101|PRATES & FILINKOSKI LTDA ME|1058|07990241000174||1040052727|4316402||R VOLUNTARIOS DA PATRIA|1563||CENTRO|
|0150|SA10200558601|MUFFATO MASTER|1058|81433765002322||254031030|4208203||RUA JOAO DALMOLIN|901|ESQUINA C/ BR 101|CANHANDUBA|
|0175|16012025|03|PEDRO MUFFATO & CIA LTDA|
|0175|16012025|10|R JOAO DALMOLIN|
|0150|SA10200558701|PEDRO MUFFATO & CIA LTDA|1058|81433765002403||9022618005|4109807||R RONAT WALTER SODRE|3300|TERREO|PARQUE INDUSTRIAL IV|
|0150|SA10200576201|DEPOSITO CENTRAL DISTDE ALIM LTDA ME|1058|10385002000280||78925922|3304557||AV BRASIL|19001|PAV 44 BOX 35 E 37|IRAJA|
|0150|SA10200584201|BARDONE CONFECCOES LTDA ME|1058|04306112000207||1530156030|4322400||RUA BENTO MARTINS|2979||CENTRO|
|0150|SA10200596101|SUPERMERCADO OLIVEIRA E FILHOS LTDA|1058|10414598000119||0010952830078|3162005||R VIGARIO PENIDO|81||CENTRO|
|0150|SA10200597201|SUPERMERCADO 5 IRMAOS LTDA|1058|06033103000134||1062673390038|3110608||RUA: JOAQUIM DE PAIVA CARDOSO|315||VL N SRA APARECIDA|
|0150|SA10200601101|MIXLINE DISTRIBUIDORA LTDA|1058|10366089000168||0010920770061|3101607||R JOAO LANDRE|169||JARDIM AMERICA I|
|0150|SA10200634801|BARCELOS E CIA LTDA|1058|28598795000109||81006881|3301009||R PRINCIPAL, SN|SN||S SEBASTIAO CAMPOS|
|0150|SA10200644501|BONIATTI E BONIATTI LTDA|1058|11145237000187||9049476016|4104808||R MARANHAO|2946||ALTO ALEGRE|
|0150|SA10200661301|PARENTEX INDUSTRIA E COMERCIO LTDA|1058|02380142000157||253695350|4218004||R EUCLIDES  F  PEIXOTO|678||PRACA|
|0150|SA10200685701|IRMAOS KEHDI COMERC IMPORT LTDA|1058|25628819000986||7020270961071|3170206||ROD BR 365 SAIDA PATROCINIO KM 622 S/N|SN||CONJUNTO  ALVORADA|
|0150|SA10200697701|FILINCOSKI LTDA|1058|11138595000162||0080181546|4301602||R GENERAL SAMPAIO|164||CENTRO|
|0150|SA10200703801|MERCADO OTTO LTDA|1058|03675143000191||0930324781|4314407||R ALMIRANTE LANDIM|802||VILA GOTUZZO|
|0150|SA10200714401|GARCIA DISTRIBUIDORA DE COSMETICOS LTDA|1058|07867015000109||9039285573|4119905||RUA PEDRO ZARDO|27||ORFAS|
|0175|20012025|03|GARCIA & CENTENARO LTDA|
|0150|SA10200721201|NOVA SD DISTRIBUIDORA LTDA|1058|67755389000156||647297088114|3549805||ESTRADA VICINAL JOAO PARISE|1130||BREJO ALEGRE|
|0150|SA10200746801|MAJESTADE DOS DOCES COMER.DE DOCES E CEREAIS LTDA|1058|14076815000169||79464821|3304904||R CAPITAO JUVENAL FIGUEREDO|1406||COLUBANDE|
|0150|SA10200764001|CAMBE COSMETICOS LTDA ME|1058|05007214000103||9025564518|4122404||AV INTERVENTOR MANOEL RIBAS|1130||CENTRO|
|0150|SA10200769801|J.A.P MERCADO LTDA|1058|15832789000114||635640377114|3548708||AV GENERAL BARRETO DE MENEZES|740||JD SILVINA|
|0150|SA10200774201|COMERCIAL TICAZO HIRATA SA|1058|55615538000283||419000055110|3527108||R TENENTE GOMES RIBEIRO|66||VL ALTA|
|0150|SA10200779901|DIAS PASTORINHO S/A COMERCIO E INDUSTRIA|1058|61192795000252||116589844117|3550308||AV RAIMUNDO PEREIRA DE MAGALHAES|1600||JD IRIS (PIRITUBA)|
|0150|SA10200788801|AGUDOS COMERCIO DE UTILIDADES LTDA|1058|17889667000190||156029566110|3500709||AV MARGINAL VEREADOR DELFINO TENDOLO|684||DISTRITO INDUSTRIAL HATSUTA|
|0150|SA10200796701|PORTAL DO EDEN COMERCIAL DE ALIMENTOS LTDA|1058|07384953000140||77918647|3304557||AV BRASIL  19001 PV|54/55||IRAJA|
|0150|SA10200803801|BRAZMIX COMERCIO VAREJISTA E ATACADISTA LTDA|1058|10972948000162||9054118020|4105805||ROD. DA UVA|7120|BRCAO 01 E 02|EMBU|
|0150|SA10200808001|COMERCIAL DARA LTDA|1058|04918912000106||3193274640000|3140001||AV GERALDO GONCALVES DA CUNHA|860|LETRA A|VILA DO CARMO|
|0150|SA10200818001|OSMAR CAETANO DE ALMEIDA & CIA LTDA|1058|05308620000106||1250072406|4318804||RUA CARLOS CHAGAS|235||SANTA TEREZINHA|
|0150|SA10200819201|MAKROMED COMERCIO E DISTRI. DE MEDICAM.LTDA|1058|11972428000112||9052020902|4106902||R CARLOS DE LAET|1514|LOJA 05|HAUER|
|0150|SA10200825701|NOVA COQUEIRO DE ALIMENTOS LTDA|1058|06222792000125||77722386|3304557||AVN BRASIL|19001|PAVILHAO 53|IRAJA|
|0150|SA10200825801|NOVA COQUEIRO DE ALIMENTOS LTDA|1058|06222792000206||78049944|3304557||AV BRASIL|19001|PAVILHAO 43 BOXES 31,32,34,36,38 E 40|IRAJA|
|0150|SA10200832001|METROMED COM DE MAT MED HOSPITALAR LTDA|1058|83157032000122||252244710|4214805||ESTRADA: BOA ESPERANCA|1918||FUNDO CANOAS|
|0150|SA10200835901|COMERCIAL FRAGA SOCHEUK LTDA|1058|03276518000140||633397439117|3548500||AV MARECHAL FLORIANO PEIXOTO|52||GONZAGA|
|0150|SA10200838101|LOMBA GRANDE COMERCIO E DISTRIBUICAO LTDA ME|1058|20400657000153||0860485382|4313409||R OTAVIO INACIO DA SILVA|90||LOMBA GRANDE|
|0150|SA10200842601|COMERCIAL CHAU KAN LTDA|1058|00003022000105||633330316113|3548500||RUA JOAO PESSOA|137||Centro|
|0150|SA10200852301|HELANNA COMERCIO ATACADISTA DE PRODUTOS LTDA|1058|03082487000197||0910283290|4314100||RUA ENGENHEIRO LEOPOLDO VILA NOVA|806|PAV H|Santa Maria|
|0150|SA10200856701|JRE COMERCIO LTDA - EPP|1058|11794712000146||79023752|3304557||RUA GETULIO|218||TODOS OS SANTOS|
|0150|SA10200859901|COMERCIO VAREJISTA DE MERCADORIAS 3M LTDA|1058|19845936000141||143309227110|3550308||RUA ALBERTO BORGES SOVERAL|09|COM FUNDOS PARA A RUA PIETRO|Parque Independencia|
|0150|SA10200865301|COMERCIO ATAC DE CEREAIS P. DE FUNIL LTDA|1058|10572462000137||78683961|3300902||RUA PANTERA|SN|QUADRA 003 LOTE 004|FUNIL QUINTO DISTRITO|
|0150|SA10200878701|DISTRIBUIDORA VALE DAS ACACIAS LTDA|1058|13311080000148||9055020423|4101507||RUA TICO TICO REI|100|EDIF BARRACAO|JARDIM CARAVELLE|
|0150|SA10200882301|LOJAS LIVIA COSMETICOS LTDA|1058|49975923000310||647189090117|3549805||AV PERCY GANDINI|329||Vila Toninho|
|0150|SA10200882501|GUARA COMERCIO DE UTLIDADES LTDA|1058|23030412000170||332122503110|3518404||RUA JOAQUIM MANOEL DE MACEDO|49||VILA BELA|
|0150|SA10200883301|CANAL DIRETO DISTR. DE PROD. DE HIG. E LIMP. LTDA|1058|22797019000143||9069806497|4119152||ROD DEPUTADO JOAO LEOPOLDO JACOMEL|9510||MARIA ANTONIETA|
|0150|SA10200885201|JMM RIO PRETO COMERCIAL LTDA|1058|03688316000106||647319329110|3549805||AVENIDA ALFREDO TEODORO DE OLIVEIRA|3200||Jardim das Oliveiras|
|0150|SA10200885301|JMM RIO PRETO COMERCIAL LTDA|1058|03688316000297||647669542115|3549805||RUA PROFESSOR OSCAR PIRES|926||Vila Esplanada|
|0150|SA10200913001|DISTRIBUIDORA FARMACEUTICA AGUIAR E SANTOS LTDA|1058|19459382000144||0022834230005|3152204||AV JOSE LUCIO DE BRITO|250||RENASCENCA|
|0150|SA10200930001|RODRIGUES & RODRIGUES SUPERMERCADOS LTDA|1058|41717836000199||5257891470025|3152501||AV DUQUE DE CAXIAS|260||CENTRO|
|0150|SA10200934401|MIGLIORINI E CIA LTDA|1058|90910399000130||0910087334|4314100||R MOROM|1385||PETROPOLIS|
|0150|SA10200945801|2MIL UTILIDADES PRESENTES LTDA|1058|08843040000107||149690855116|3550308||RUA SHOBEE KUMAGAI|33||JARDIM HELENA|
|0150|SA10200982601|MALHAS ZEN LTDA|1058|05972851000110||0570225019|4309209||RUA DR LUIZ BASTOS DO PRADO|1729||CENTRO|
|0150|SA10200994601|DAVO SUPERMERCADOS LTDA|1058|52130481000234||111524007115|3550308||AVENIDA DO ORATORIO|4500||JARDIM GUAIRACA|
|0150|SA10200995401|DAVO SUPERMERCADOS LTDA|1058|52130481001397||675162866117|3552809||ESTRADA KIZAEMON TAKEUTI|1300||JARDIM CLEMENTINO|
|0150|SA10201003201|IMEXSUL IMPORTACAO E EXPORTACAO LTDA EPP|1058|00958781000121||253151163|4214805||ALAMEDA: ARISTILIANO RAMOS|333|BLOCO 101 SALA|CENTRO|
|0150|SA10201012301|SUPERMERCADO PASSA LA LTDA|1058|93411155000100||0750023236|4311809||RUA PRIMEIRO DE MAIO|519||LOT SAO BOAVENTURA|
|0150|SA10201024601|P. SEVERINI NETTO COMERCIAL LTDA|1058|23637077000172||5180502820084|3151800||RUA CAETANO PETERLE|171||JARDIM COUNTRY CLUB|
|0150|SA10201024901|CARLOS EDUARDO MARSICANO EIRELI|1058|88096185000120||0962723010|4314902||R VOLUNTARIOS DA PATRIA|608|LOJA 2 E 4 TERREO618 TERREO624|CENTRO|
|0150|SA10201030901|RADAR COMERCIAL LTDA|1058|08286530000150||258720913|4209102||RUA UIRAPURU|731||AVENTUREIRO|
|0150|SA10201046201|E.L.P. PINHEIRO UTILIDADES DOMESTICAS LTDA|1058|29695397000165||119047430110|3550308||AVENIDA CUPECE|3812||JARDIM PRUDENCIA|
|0150|SA10201049001|JUVENAL SILVESTRI DISTRIBUIDORA FERRAGENS EIRELI|1058|02833825000112||0290527597|4305108||R LUIZ MARIN|324||NOSSA SENHORA DA SAUDE|
|0150|SA10201057001|COOSUPER DISTRIBUICAO E LOGISTICA S/A|1058|31591095000199||0032826710044|3126109||AVENIDA.HERNANY BOTTREL DE MOURA|59||PLANALTO|
|0150|SA10201061001|RECREIO RIO DISTRIBUIDORA DE ALIMENTOS LTDA|1058|13107698000190||79287660|3304557||AV BRASIL|19001|AREA DE EXP - PAVILHAO 60 - ANTIGO TRECHO L|IRAJA|
|0150|SA10201080201|SUPERMERCADO PORTO SEGURO TABOAO LTDA|1058|19994642000181||675220235113|3552809||RUA ANTONIO DE OLIVEIRA SALAZAR|985||JARDIM SAO SALVADOR|
|0150|SA10201080301|SUPERMERCADO PORTO SEGURO TABOAO LTDA|1058|19994642000343||675279684118|3552809||AVENIDA IBIRAMA|30||PARQUE INDUSTRIAL DACI|
|0150|SA10201080501|SUPERMERCADO PORTO SEGURO TABOAO LTDA|1058|19994642000262||255333591112|3510609||ESTRADA DO JACARANDA|1900||ALTOS DA SANTA LUCIA|
|0150|SA10201086401|KI-BELLEZA DISTRIBUIDORA LTDA|1058|12791749000183||0016865060067|3136207||RUA POLONIA|421||TERESOPOLIS|
|0150|SA10201099001|JMM RIO PRETO COMERCIAL LTDA.|1058|03688316000378||195030525116|3504602||AVENIDA CAMILO DE MORAES|1451||CENTRO|
|0150|SA10201099501|BRUSDOCE DISTRIBUIDORA LTDA|1058|05758322000118||254596967|4202909||RUA: ITAJAI|1500||LIMOEIRO|
|0150|SA10201105801|COMERCIAL LAM SHUI LING LTDA|1058|66683327000113||633289120110|3548500||RUA JOAO PESSOA|137/39||CENTRO|
|0150|SA10201109901|NEVE PREMIUM IND. E COME. DE PROD. CIRURG. LTDA|1058|33839828000197||225324274111|3507605||AVENIDA NOSSA SENHORA DA PENHA|560||PENHA|
|0150|SA10201111401|VALE MAIS BRASIL DISTRIBUIDORA DE ALIMENTOS LTDA|1058|33520788000116||0860525309|4313409||RUA SANTOS PEDROSO|509||CENTRO|
|0150|SA10201114901|LUCAS HENRIQUE TEIXEIRA PIRES LJ.DE VARIED.|1058|27418825000187||714080718112|3556701||RUA MONTEIRO DE BARROS|239||CENTRO|
|0150|SA10201144901|RUBENS PORTO FILHO 21806748991|1058|22034627000104||257607340|4202404||RUA: ANDRE DAVI MEES SIMAO|15||FIDÉLIS|
|0150|SA10201148001|ATACADO CANINDE DE ATIBAIA COM.DE UTIL.DOM.SOC.UNIPESSOAL LTDA|1058|69090439000159||190201289117|3504107||RUA LOURDES NEVES MARCONDES MACHADO|550||JARDIM IMPERIAL|
|0150|SA10201150301|SUPERMERCADO BERNARDAO LTDA|1058|18468199000223||4801605890159|3148004||RUA.MAJOR GOTE|2345||CONEGO GETULIO|
|0150|SA10201150401|SUPERMERCADO BERNARDAO LTDA|1058|18468199000304||4811605890221|3104007||AVENIDA.DAMASO DRUMOND|2805||VILA SAO PEDRO/MORADA DO SOL|
|0150|SA10201150501|SUPERMERCADO BERNARDAO LTDA|1058|18468199000495||4811605890302|3148103||AVENIDA.JOSE AMANDO QUEIROZ|1095||MORADA NOVA|
|0150|SA10201150601|SUPERMERCADO BERNARDAO LTDA|1058|18468199000576||4811605890485|3148004||RUA.DOS GUARANIS|13||CARAMURU ALVORADA|
|0150|SA10201150701|SUPERMERCADO BERNARDAO LTDA|1058|18468199000657||4811605890558|3104007||AVENIDA.GETULIO VARGAS|500|LJ 01|CENTRO|
|0150|SA10201151001|P SEVERINI NETTO COML LT|1058|23637077001659||122259815116|3509502||ESTRADA DE SERVIDAO QUARENTA|40|SALA 7 PAVMTO2|NOVA APARECIDA|
|0150|SA10201169701|SUPERMERCADO BERNARDAO LTDA|1058|18468199000738||4811605890639|3148004||RUA.PADRE CALDEIRA|160||CENTRO|
|0150|SA10201177501|MOACYR SM COMERCIO LTDA|1058|06942321000191||6943255420005|3169406||RUA.NOSSA SENHORA D AJUDA|496||CENTRO|
|0150|SA10201200401|P. SEVERINI NETTO COMERCIAL LTDA|1058|23637077001730||120313501113|3534401||AVENIDA BENEDITO ALVES TURIBIO|601|ANEXO 945-GLEBA A- PARTE|PADROEIRA|
|0150|SA10201206101|FINALDI COMERCIO DE FRALDAS LTDA|1058|18232094000190||645614972114|3549904||AVENIDA SALINAS|397||BOSQUE DOS EUCALIPTOS|
|0150|SA10201213601|MACRO ATACADO KROLOW LTDA|1058|01060735000416||0170132811|4303509||AV CONEGO LUIZ WALTER HANQUET|659||PRQ RESIDENCIAL ARROIO DO DURO|
|0150|SA10201214701|TREICHEL MACROMERCADO LTDA|1058|03204565000189||0930316452|4314407||AV FERNANDO OSORIO|4842||TRES VENDAS|
|0150|SA10201218701|IRONI N MANKE|1058|17430767000153||1000296250|4315602||AV JOSE BONIFACIO|42||JOSE BONIFACIO|
|0150|SA10201219501|SUPERMERCADO PORTO SEGURO TABOAO LTDA|1058|19994642000424||675437207115|3552809||RUA RAFAEL DE MARCO|22||PQ INDUSTRIAL DAS OLIVEIRAS|
|0150|SA10201225701|8ELOS DISTRIBUIDORA LTDA|1058|26949606000161||258227877|4218004||R CURIO 225 GALPAO|01||PRACA|
|0150|SA10201229001|SGM INDUSTRIA DE COSMETICOS LTDA - ME|1058|01342361000260||0370052498|4306809||EST RS 129|3795|KM 70|SANTA CLARA|
|0150|SA10201238501|QUINZE COSMETICOS LTDA|1058|41452810000166||261001825|4209102||RUA QUINZE DE NOVEMBRO|418||CENTRO|
|0150|SA10201252101|COMERCIAL SOCHEUK LT|1058|02865415000153||657132356118|3551009||RUA FREI GASPAR|669||CENTRO|
|0150|SA10201258401|SCOPEL COMERCIO DE VARIEDADES LTDA|1058|05846336000193||254624030|4208906||AVENIDA MARECHAL DEODORO DA FONSECA|1011||CENTRO|
|0150|SA10201259601|A R LARSSEN FERREIRA VARIEDADES|1058|29115906000133||9078078275|4104808||AV BARAO DO RIO BRANCO|1317||COUNTRY|
|0150|SA10201261801|P. SEVERINI NETTO COMERCIAL LTDA|1058|23637077001900||5180502821315|3106705||ROD BR-381 FERNAO DIAS|SN|KM 483 - GP 1 - SL 1|DISTR IND JARDIM PIEMONT SUL|
|0150|SA10201262701|PYCHULIN MODA INFANTIL E ENXOVAIS LTDA|1058|16958582000153||0570303583|4309209||AV DORIVAL CANDIDO LUZ DE OLIVEIRA|5435|LOJA 02, PARADA|LOJA 02, PARADA|
|0175|20012025|03|PYCHULIN MODAS INFANTIL E ENXOVAIS LTDA|
|0150|SA10201267801|SUPERMERCADO CAMPOS LTDA.|1058|00134974000320||258361808|4201307||ESTRADA CORVETA|2150||CORVETA|
|0150|SA10201276501|SUPERMERCADO VARANDAS LTDA|1058|49949472000184||633156255119|3548500||AVENIDA SENADOR PINHEIRO MACHADO|643|COMPL 651 E 653|CAMPO GRANDE|
|0150|SA10201276601|SUPERMERCADO VARANDAS LTDA|1058|49949472000427||633938068117|3548500||RUA PIO XII|082||SABOO|
|0150|SA10201276701|SUPERMERCADO VARANDAS LTDA|1058|49949472000265||633659503115|3548500||RUA ALEXANDRE MARTINS|125||APARECIDA|
|0150|SA10201276801|SUPERMERCADO VARANDAS LTDA|1058|49949472000346||633828379116|3548500||AVENIDA DOUTOR MOURA RIBEIRO|116||MARAPE|
|0150|SA10201285901|NATUS FARMA COMERCIO DE MEDICAMENTOS LTDA|1058|08698543005790||0010298325497|3101607||AV ALBERTO VIEIRA ROMAO|1930||DISTRITO INDUSTRIAL|
|0150|SA10201293401|BIG MART - CENTRO DE COMPRAS LTDA|1058|01339721000193||315024162110|3516705||RUA TARGINO NUNES|50||GLEBA COMPER|
|0150|SA10201293501|BIG MART - CENTRO DE COMPRAS LTDA|1058|01339721000274||170094185111|3502101||RUA JOSE AUGUSTO DE CARVALHO|645||CENTRO|
|0150|SA10201293701|BIG MART - CENTRO DE COMPRAS LTDA|1058|01339721000517||237071437118|3508801||AVENIDA D. PEDRO II|275||CENTRO|
|0150|SA10201293801|BIG MART - CENTRO DE COMPRAS LTDA|1058|01339721000606||521086229110|3537305||AVENIDA ADOLFO HECHT|907||CENTRO|
|0150|SA10201294101|BIG MART - CENTRO DE COMPRAS LTDA|1058|01339721000940||170048430116|3502101||AVENIDA GUANABARA|2007||STELLA MARIS|
|0150|SA10201294201|BIG MART - CENTRO DE COMPRAS LTDA|1058|01339721001165||483040861111|3533502||AVENIDA DOMINGOS BARALDO|527||ESTIVA PARTE C|
|0150|SA10201294301|BIG MART - CENTRO DE COMPRAS LTDA|1058|01339721001246||344103572110|3519600||AVENIDA ENGENHEIRO IVANIL FRANCISCHINI|130255||JARDIM AMERICA|
|0150|SA10201305501|SUPERMERCADOS RASTELAO LTDA|1058|53913075000391||315020770115|3516705||RUA CARAMURU|232||FERRAROPOLIS|
|0150|SA10201305601|SUPERMERCADOS RASTELAO LTDA|1058|53913075000200||170021090112|3502101||RUA SAO PAULO|1326||CENTRO|
|0150|SA10201305801|MINERVA MOVEIS E SUPERMERCADO LTDA.|1058|46186458000269||315004905113|3516705||PRACA RUI BARBOSA|223||CENTRO|
|0150|SA10201306201|SUPERMERCADOS RASTELAO LTDA|1058|53913075000634||330053569111|3518206||ALAMEDA BAGUASSU|1205||JARDIM ACAPULCO|
|0150|SA10201306301|SUPERMERCADOS RASTELAO LTDA|1058|53913075000472||564054115116|3541604||AVENIDA MINAS GERAIS|1000||CENTRO|
|0150|SA10201306401|BIG MART - CENTRO DE COMPRAS LTDA|1058|01339721000355||521110788110|3537305||RUA ANTONIETA VILLELA FERREIRA|800||JARDIM|
|0150|SA10201306601|BIG MART - CENTRO DE COMPRAS LTDA|1058|01339721001327||259040640111|3511003||RUA BELARMINO DA SILVA FRANCA|500||CENTRO|
|0150|SA10201306701|S. FILINKOSKI LTDA|1058|46531175000126||1080209970|4316808||R TENENTE-CORONEL BRITO|867||CENTRO|
|0150|SA10201307701|P.A.S COSMETICOS E MOVEIS LTDA|1058|07306821000523||9094729111|4113700||RUA PERNAMBUCO|525||CENTRO|
|0150|SA10201314201|JUPITER COMERCIO DE MATERIAIS ESCOLARES E LIMPEZA LTDA|1058|57978900000125||336222966115|3518800||RUA ATAULFO ALVES|96||JARDIM SAO ROBERTO|
|0150|SA10201328301|COMERCIAL OCIAN LTDA|1058|47587069000127||558745217110|3541000||AVENIDA PRESIDENTE KENNEDY|7147|ANEXO 7.161 - LOJA|OCIAN|
|0150|SA10201328901|ATLAS RIO DISTRIBUIDORA LTDA|1058|42299566000106||12114451|3304144||EST CAMBOATA|2207|SALA B BLOCO 2 GALPAO2 MODULOS 1 2 3 E 4|VILA SAO JOAO (ANT. MEU RANCHI|
|0150|SA10201336001|MACRO ATACADO KROLOW LTDA|1058|01060735000254||1250090080|4318804||AV MARECHAL FLORIANO PEIXOTO|1129|NFERECEBIDAS@MACROATACADOKROLOW.COM.BR|CENTRO|
|0150|SA10201344801|YUDEVAN DISTRIBUIDORA E IMPORTADORA LTDA|1058|08475589000196||1770163856|4303103||RUA GUARANI|1121||VL CITY|
|0150|SA10201345401|MACRO ATACADO KROLOW LTDA|1058|01060735000688||0230064752|4304507||RUA GETULIO VARGAS|1121||VL IZABEL|
|0150|SA10201346701|ARMAZEM SANTOS DE MIRACEMA LTDA|1058|36289668000148||84467626|3303005||AVN ANTONIO MENDES LINHARES|1236||SANTA TEREZA|
|0150|SA10201349201|SUPERMERCADOS MAMBO LTDA|1058|71676316002602||206831430114|3505708||RUA DA BICA|285||JARDIM BELVAL|
|0150|SA10201357401|PAULO J.DAHER E CIA LTDA|1058|23181894000169||4795209420066|3147907||RUA CAPITOLIO|777||MUARAMA II|
|0150|SA10201379701|CASA CHINA LTDA|1058|51335847000249||9102332544|4115200||AV GETULIO VARGAS|235||ZONA 01|
|0150|SA10201381901|BAZAR FRANCISCAO LTDA|1058|73891939000167||84936936|3304557||RUA DA CONCEICAO|28||CENTRO|
|0150|SA10201385401|BIG MART - CENTRO DE COMPRAS LTDA|1058|01339721001599||292139313114|3514403||RUA PROLONGAMENTO RUA DOS MANGUEIRAIS|355||ZONA SUBURBANA|
|0150|SA10201386501|CASA CHINA LTDA|1058|51335847000168||9101405580|4113700||RUA MINAS GERAIS|261|QRD 18 LOTE 5 - A|CENTRO|
|0150|SA10201389101|SUPERMERCADO VARANDAS E NAVAS LTDA|1058|51071896000130||132162433112|3548500||AV  AFFONSO PENA|622||APARECIDA|
|0150|SA10201391201|MACRO ATACADO KROLOW LTDA|1058|01060735000840||1000333865|4315602||AV ENG LUCIA MARIA BALBELA CHIESA|2842|LOJA 149/150/15|PRQ SAO PEDRO|
|0150|SA10201391601|MTC DISTRIBUIDOR ATACADISTA DE ALIMENTOS LTDA|1058|23655584000139||0026595030055|3123601||ROD MG - 491 KM - 221|5,|SN|CHEGA MAIS|
|0150|SA10201393101|SAO CAETANO SUPERMERCADO LTDA|1058|08018147000110||0010058140085|3143203||AVENIDA JOSE AUGUSTO FILHO|27||JARDIM BELA VISTA|
|0150|SA10201394501|BELLAS DISTRIBUIDORA DE ALIMENTOS LTDA|1058|15562850000150||0930474600|4314407||R OSMAR SCHUCH|237||TRES VENDAS|
|0150|SA10201396001|YUITI CARLOS YAMASHITA|1058|52245057000154||672034157113|3552502||RUA BIOTONICO|1325||J COLORADO|
|0150|SA10201401901|DOCTOR DISTRIBUIDORA DE MEDICAMENTOS LTDA|1058|15311243000118||0720175240|4311403||RUA WALMIR HENRIQUE JOHAN|106|PAVILHAO 1 E 2|FLORESTA|
|0150|SA10201402901|AMED S/A|1058|10403238000111||0010945220090|3120904||A RODOVIA BR 135, KM 628 + 930M, SN|SN||AREA RURAL DE CURVELO|
|0150|SA10201410801|MAIOLINI SUPERMERCADOS LTDA|1058|17095852000102||7070475970064|3170701||R RIO DE JANEIRO|684||CENTRO|
|0150|SA10201415601|ENILTON HELING MAQUARDT LTDA|1058|51768963000170||0930508750|4314407||RUA SAO FRANCISCO|173||TRES VENDAS|
|0150|SA10201417801|BASMED DISTRIBUIDORA LTDA|1058|01845519000133||633372073115|3548500||RUA ESPIRITO SANTO|60||CAMPO GRANDE|
|0150|SA10201418201|SUPERMERCADO SANTA MARIA LTDA|1058|22505897000148||144611975113|3550308||AVENIDA GUILHERME COTCHING|1312||VILA MARIA|
|0150|SA10201423301|HUI LIU ACESSORIOS|1058|32141025000100||9079894700|4106902||RUA XV DE NOVEMBRO|358||CENTRO|
|0150|SA10201424101|SUPERMERCADO BERNARDAO LTDA|1058|18468199001386||4811605891392|3148004||AV DILERMANDO GOMES DE DEUS|1551||JARDIM RECANTO|
|0150|SA10201425301|DROGARIA LVD LTDA|1058|03610682000142||0170091899|4303509||R CAPITAO ADOLFO CASTRO|385||VILA NOVA|
|0150|SA10201431401|DAIANE BRUNNER COMERCIAL|1058|30881177000105||1310163658|4319901||RUA: DOS ANGICOS|34||FAZENDA LEAO|
|0150|SA10201434501|SUPER VINHOS DISTRIBUIDORA S.A.|1058|10791934000657||12124074|3306008||RUA SEBASTIAO RIBEIRO DE OLIVEIRA|120|GALPAO 1|MONTE CASTELO|
|0150|SA10201438701|SUPERMERCADO BEIRA RIO PANORAMA LTDA|1058|08608892000110||502068200112|3535408||RUA JULIO BARATA N.:|801||CENTRO|
|0150|SA10201440301|FABRICIO SCHAFER VILAS BOAS LIMITADA|1058|37984874000130||636575816115|3548807||RUA PICUI N.:|40||OLIMPICO|
|0150|SA10201440501|HEDOCE DISTRIBUIDORA LTDA|1058|10398872000103||264074169110|3511607||RUA ANTONIO FAKRI|360||DISTRITO INDUSTRIAL|
|0150|SA10201441101|LINGLING PRESENTES LTDA|1058|55586784000173||9107845957|4106902||AV NOSSA SENHORA DE LOURDES|120||JARDIM DAS AMERICAS|
|0150|SA10201442201|KOISAS DA KASA LOJA DE VARIEDADES LTDA|1058|05769539000123||9091795210|4100400||ROD DOS MINERIOS|403|BRCAO 1-A|LAMENHA GRANDE|
|0150|SA10201443601|MAKRO CENTRAL DE AVIAMENTOS LTDA|1058|00460986000506||256269890|4211306||RODOVIA BR-470|SN|KM 13 240|ESCALVADOS|
|0150|SA10201445001|GONCALVES SUPERMERCADOS LTDA|1058|06211071000705||0842821510662|3144102||AV LAURO CAMPEDELLI|295||CHACARA VILA LIMA|
|0150|SA10201445701|COMERCIAL HILLWEGG LTDA|1058|74214206000150||283034930112|3513504||AVENIDA 9 DE ABRIL|2031||CENTRO|
|0150|SA10201445901|LI PRESENTES LTDA|1058|55586700000100||9107845523|4106902||AV REPUBLICA ARGENTINA|3602||PORTAO|
|0150|SA10201446801|H.N.Y. COMERCIO DE COSMETICOS LTDA|1058|15588335000492||263045927|4202008||AVENIDA BRASIL|802||CENTRO|
|0150|SA10201447601|MCB INDUSTRIA E COMERCIO DE VESTUARIO LTDA|1058|10948497000209||1240328181|4318705||RUA FIRMINO JOSE THOMAZZI|155||VICENTINA|
|0150|SA20200072601|HIGIE TOPP IND COM PROD. HIG.T. LTDA|1058|02120411000146||336461872119|3518800||AV. GOV. ARCHER|41||CHAC. CABUCU|
|0150|SA20200215401|GIANNONE TRANSPORTES LTDA|1058|08186591000307|||3518800||AV PAPA JOAO PAULO I|4006||GUARULHOS|
|0150|SA20200296501|RISSO ENCOMENDAS CENTRO OESTE LTDA|1058|05209691000151||214140761115|3506508||RUA JOAO CORTELAZZI|1820||ISABEL MIRIM|
|0150|SA20200400501|EXPRESSO RODOMINAS LTDA|1058|04799398000471||190135426119|3504107||RUA SANTA FILOMENA.320|SN||RESSACA|
|0150|SA20200742301|AMERICA TNT SOCIEDAD ANONIMA|5860||||9999999||PQ INDUSTRIALSANTA MONICA|SN||HERNANDARIAS|
|0150|SA20200742701|TECMAR TRANSPORTES LTDA|1058|01610798000407||5251647940063|3152501||R MARIO LOPES DA SILVA|SN||LOTEAMENTO SAO CRIST|
|0150|SA20200745501|ALIANCA LOGISTICA E TRANSPORTES LTDA|1058|10735910000176||0020717060047|3118601||R REGINALDO DE SOUZA LIMA|456||CONTAGEM|
|0150|SA20200746301|TECMAR TRANSPORTES LTDA|1058|01610798003929||255859740|4202404||RUA ARI BARROSO|1166||ITOUPAVAZINHA|
|0190|KG|QUILOGRAMA|
|0190|CX|CAIXA|
|0190|FD|FARDO|
|0190|UN|UNIDADE|
|0200|014502         02|ALGODAO MANTA 100 MM - 20  A 22 GR.|01450224||KG|04|56012110||56||12|2006500|
|0200|000007         02|HASTES FLEX.(120UNDX100)COTTON LINE.|7898095296025||CX|04|56012190||56||12|2005100|
|0200|000008         02|HASTES FLEX.(75UNX60)C.LINE C/V SHIR|7898095296018||CX|04|56012190||56||12|2005100|
|0200|000012         02|CURAT. ANTIS.(35UNDX60)BEGE|7898095296049||CX|04|30051090||30||12|1301100|
|0200|000024         02|HASTES FLEX.(75UNX60)C.LINE PROM C/V SHIR|7898095296063||CX|04|56012190||56||12|2005100|
|0200|000029         02|ALG. BOLA (50GRX48)COLORIDA.|7898095296100||FD|04|56012110||56||12|2006500|
|0200|000030         02|ALG. BOLA(50GRX48)BRANCA|7898095296094||FD|04|56012110||56||12|2006500|
|0200|000032         02|HASTES FLEX.(280UNDX60)COTTON LINE|7898095296209||CX|04|56012190||56||12|2005100|
|0200|000039         02|ALG. BOLA (95GRX24)BRANCA|7898095296223||FD|04|56012110||56||12|2006500|
|0200|000053         02|HASTES FLEX.(75UNX60)C.LINE S/V SHIR|7898095296018||CX|04|56012190||56||12|2005100|
|0200|000063         02|ALG. SANFONADO(25GRX96).|7898095296384||FD|04|56012110||56||12|2006500|
|0200|000064         02|ALG. QUADRADINHO(40GRX60)|7898095296421||FD|04|56012110||56||12|2006500|
|0200|000071         02|ALG. BOLA(40GRX60)BRANCA|7898095296490||FD|04|56012110||56||12|2006500|
|0200|000072         02|ALG. BOLA(40GRX60)COLORIDA|7898095296506||FD|04|56012110||56||12|2006500|
|0200|000102         02|ALGODAO HIDROF. (25GRX60)|7898095296513||CX|04|30059090||30||12|1301100|
|0200|000103         02|ALGODAO HIDROF. (50GRX30)|7898095296520||CX|04|30059090||30||12|1301100|
|0200|000463         02|CURAT. ANTIS.(35UNDX60)TRANSP.|7898095297114||CX|04|30051090||30||12|1301100|
|0200|001766         02|LENCO UMD.(70UNX12)POTE ROSA|7898095296476||FD|04|34011190||34||12|2003401|
|0200|001767         02|LENCO UMD.(70UNX12)POTE AZUL|7898095296452||FD|04|34011190||34||12|2003401|
|0200|001768         02|LENCO UMD.(400UNX2)BALDE  AZUL|7898095296841||FD|04|34011190||34||12|2003401|
|0200|001769         02|LENCO UMD.(400UNX2)BALDE ROSA|7898095296858||FD|04|34011190||34||12|2003401|
|0200|004302         02|HASTES FLEX.(150UNDX30)COT.LINE C/V SHIR.|7898095297169||CX|04|56012190||56||12|2005100|
|0200|004304         02|ALGODAO HIDROF. (500GRX12)|7898095297121||FD|04|30059090||30||12|1301100|
|0200|004664         02|HASTES FLEX.(150UNDX30)COT.LINE S/V SHIR|7898095297169||CX|04|56012190||56||12|2005100|
|0200|004770         02|CURAT. ANTIS.(10UNDX120)TRANSP.|7898095297107||CX|04|30051090||30||12|1301100|
|0200|005829         02|ALG. BOLA (30GRX80)BRANCA|7898095297343||FD|04|56012110||56||12|2006500|
|0200|005928         02|CURAT. ANTIS.(10UNDX120)BEGE|7898095296148||CX|04|30051090||30||12|1301100|
|0200|008681         02|ALGODAO HIDROF. (250GRX24)|7898095297763||FD|04|30059090||30||12|1301100|
|0200|008682         02|HASTES FLEX.(75UNX60)B.CARE GIRL SHIR|7898095297787||CX|04|56012190||56||12|2005100|
|0200|008683         02|HASTES FLEX.(75UNX60)B.CARE BOY SHIR|7898095297770||CX|04|56012190||56||12|2005100|
|0200|008736         02|TOALHAS(48UNDX12)BABY CARE BICHOS|7898095297749||CX|04|34011190||34||12|2003401|
|0200|009612         02|CURAT. ANTIS.(05UNDX100)BEGE|7898095297855||CX|04|30051090||30||12|1301100|
|0200|010008         02|ABS HIG.(08UNX60)C/ABAS SUAVE SHR 5X12|57898095297911||CX|04|96190000||96||12|2005000|
|0200|010009         02|ABS HIG.(08UNX60)C/ABAS SECA SHR 5X12|57898095297928||CX|04|96190000||96||12|2005000|
|0200|010010         02|ABS HIG.(08UNX60)S/ABAS SUAVE SHR 5X12|57898095297935||CX|04|96190000||96||12|2005000|
|0200|010011         02|ABS HIG.(08UNX60)S/ABAS SECA SHR 5X12|57898095297942||CX|04|96190000||96||12|2005000|
|0200|010037         02|HASTES FLEX.(75UNX60)BIODEGRADAVEL C/V SHR|7898095298357||CX|04|56012190||56||12|2005100|
|0200|010063         02|FIO DENTAL(32UNDX48)FLIP ORAL CARE COT.LINE|7898095298630||CX|04|33062000||33||12|2002400|
|0200|010097         02|TOALHAS ANTISSEPTICA C/ ALCOOL 70%(48UNX12)|7898095298371||CX|04|38089429||38||12||
|0200|010362         02|TOALHA(96UNDX6)FUNDO DO MAR|7898095297909||CX|04|34011190||34||12|2003401|
|0200|013758         02|TOALHAS(24UNX36)DEMAQ.SENSITIVE CARE|7898095298159||CX|04|34011190||34||12|2003401|
|0200|013759         02|TOALHAS(24UNX36)FEMININAS HIG INTIMA|7898095298166||CX|04|34011190||34||12|2003401|
|0200|013983         02|ABS HIG.(16UNX30)C/ABAS SUAVE SHR 5X6 LEVE MAIS PG MENOS|27898095298184||CX|04|96190000||96||12|2005000|
|0200|013984         02|ABS HIG.(16UNX30)S/ABAS SUAVE SHR 5X6 LEVE MAIS PG MENOS|27898095298191||CX|04|96190000||96||12|2005000|
|0200|014109         02|CURAT.ANTIS.(24UNDX60)HORRIPILANTES|7898095298135||CX|04|30051090||30||12|1301100|
|0200|PT10118        02|HASTES FLEX.(150UNX48)POTE BIODEG. ECOL.|7898095298388||CX|04|56012190||56||12|2005100|
|0200|PT1016         02|HASTES FLEX.(150UNX48)POTE C.LINE DIA  A DIA|7898095297978||CX|04|56012190||56||12|2005100|
|0200|RN1015         02|TOALHAS(48UNX12)RECEM NASCIDO|7898095297985||CX|04|34011190||34||12|2003401|
|0200|RN8738         02|TOALHAS(96UNDX06)BABY CARE RN|7898095298098||CX|04|34011190||34||12|2003401|
|0200|000706         02|DISCO DIAN. 485MM EM POLIONDAS|||UN|02|39211900||39||12||
|0200|014501         02|ALGODAO MANTA 150 MM - 29  A 31 G.|01450156||KG|04|56012110||56||12|2006500|
|0200|015953         02|PALETES DE PLASTICOS 1,20 X 1,00MT PRETO (NEVE)|||UN|07|||39||12||
|0200|000068         02|ALG. ESPONJA(100GRX48)|7898095296438||FD|04|56012110||56||12|2006500|
|0200|000069         02|ALG. QUADRADINHO(95GRX48)|7898095296414||FD|04|56012110||56||12|2006500|
|0200|000099         02|LENCO UMD.(40UNX12)POTE ROSA|7898095296483||FD|04|34011190||34||12|2003401|
|0200|001338         02|HASTES FLEX.(75UNX60)C.LINE PROM S/V|7898095296063||CX|04|56012190||56||12|2005100|
|0200|001764         02|REFIL - (400UNID.X6)LENCO UMD.|7898095296865||CX|04|34011190||34||12|2003401|
|0200|002573         02|LENCO UMD.(400UNX2)BALDE AMARELO|7898095296940||FD|04|34011190||34||12|2003401|
|0200|002867         02|LENCO UMD.(40UNX12)POTE AMARELO|7898095296919||FD|04|34011190||34||12|2003401|
|0200|005830         02|ALG. BOLA(30GRX80)COLORIDO|7898095297367||FD|04|56012110||56||12|2006500|
|0200|008664         02|LENCO UMD.(40UNX12)POTE LILAS|7898095297657||FD|04|34011190||34||12|2003401|
|0200|008665         02|LENCO UMD.(70UNX12)POTE LILAS|7898095297664||FD|04|34011190||34||12|2003401|
|0200|008666         02|LENCO UMD.(400UNX2)BALDE LILAS|7898095297671||FD|04|34011190||34||12|2003401|
|0200|010062         02|FIO DENTAL(32UNDX72)REFIL ORAL CARE COT.LINE|7898095298623||CX|04|33062000||33||12|2002400|
|0200|010064         02|FIO DENTAL(10UNDX72)BOLSA ORAL CARE COT.LINE|7898095298647||CX|04|33062000||33||12|2002400|
|0200|013564         02|CURAT.ANTIS.(24UNDX60)DRAGON RANGERS SORT.|7898095298142||CX|04|30051090||30||12|1301100|
|0200|DC2018         02|ALG.(30GRX48)POTE DISCO LIMP.FACIAL|7898095297961||CX|04|56012110||56||12|2006500|
|0200|PT8739         02|HASTES FLEX.(150UNX48)POTE B.CARE BOY|7898095298104||CX|04|56012190||56||12|2005100|
|0200|RN8739         02|TOALHAS(96UNDX06)BABY CARE RN C/TAMPA|7898095298685||CX|04|34011190||34||12|2003401|
|0200|015492         02|PALETE DE PLASTICOS 1,20 X 1,00MT  BRANCO VAZADO (NEVE)|||UN|07|||39||12||
|0200|000066         02|ALG. SANFONADO(50GRX48)|7898095296391||FD|04|56012110||56||12|2006500|
|0200|001765         02|REFIL - (70UNID.X24)LENCO UMD.|7898095296704||CX|04|34011190||34||12|2003401|
|0200|002016         02|HASTES FLEX.(75UNX60)DORAGON/MIDORI|7898095296872||CX|04|56012190||56||12|2005100|
|0200|005984         02|HASTES FLEX.(80 UNID.X150)COTTON LINE|7898095297404||CX|04|56012190||56||12|2005100|
|0200|008737         02|TOALHAS(40UNDX12)USO FAMILY CARE|7898095297756||CX|04|34011190||34||12|2003401|
|0200|013760         02|TOALHAS(5X48/240UNX04)C LINE PACK PROM|7898095298173||CX|04|34011190||34||12|2003401|
|0200|002630         02|ALG.  MECHA COTTON BRANCO  1.3  A  1.5 GR.|||KG|04|56012110||56||12|2006500|
|0200|000038         02|ALG. BOLA(95GRX24)COLORIDA|7898095296230||FD|04|56012110||56||12|2006500|
|0200|002774         02|LENCO UMD.(70UNX12)POTE AMARELO|7898095296902||FD|04|34011190||34||12|2003401|
|0200|PT8738         02|HASTES FLEX.(150UNX48)POTE B.CARE GIRL|7898095298111||CX|04|56012190||56||12|2005100|
|0200|PT8740         02|HASTES FLEX.(150UNX48)POTE DEMAQUILANTE|7898095298654||CX|04|56012190||56||12|2005100|
|0200|PT8741         02|HASTES FLEX.(45UNX48)POTE SAFETY C.BABY|7898095298661||CX|04|56012190||56||12|2005100|
|0200|000098         02|LENCO UMD.(40UNX12)POTE AZUL|7898095296469||FD|04|34011190||34||12|2003401|
|0200|DC1017         02|ALG.(37GRX48)DISCO LIMP. FACIAL|7898095297954||CX|04|56012110||56||12|2006500|
|0990|283|
|B001|1|
|B990|2|
|C001|0|
|C100|0|0|SA10201328901|55|00|001|411|31250102120411000308550010000004111454563743|07012025|07012025|10486,64|2|0|0|9129,35|9|0|0|0|9129,35|1095,52|9114,34|0|0|||||
|C190|010|2411|12|6756,14|5398,85|647,86|9114,34|0|0|0||
|C190|000|2202|12|3730,5|3730,5|447,66|0|0|0|0||
|C100|0|0|SA10201328901|55|00|001|412|31250102120411000308550010000004121260114142|07012025|07012025|543,61|2|0|0|434,4|9|0|0|0|434,4|52,13|733,35|109,21|0|||||
|C190|010|2949|12|543,61|434,4|52,13|733,35|109,21|0|0||
|C100|0|0|SA20200742301|55|00|001|413|31250102120411000308550010000004131991388740|09012025|09012025|224325,58|0|0|0|199140,64|9|0|0|192,79|0|0|0|0|0|||||
|C120|0|9931/24|4181,95|20810,2||
|C190|100|3101|0|224325,58|0|0|0|0|0|0||
|C100|0|1|SA20200072601|55|06|001|126871|35250102120411000146550010001268711627007350|13012025|13012025|0|2|0|0|0|9|0|0|0|14896,76|1787,61|0|0|0|||||
|C170|1|014502         02|ALGODAO MANTA 100 MM - 20  A 22 GR.|1|KG|0|0|1|000|2152||14896,76|12|1787,61|0|0|0||49||0|0|0|||||||||||||110301001|0|
|C190|000|2152|12|0|14896,76|1787,61|0|0|0|0||
|C100|0|1|SA20200072601|55|06|001|126872|35250102120411000146550010001268721386986557|13012025|13012025|0|2|0|0|0|9|0|0|0|18771,75|2252,61|0|0|0|||||
|C170|1|014502         02|ALGODAO MANTA 100 MM - 20  A 22 GR.|1|KG|0|0|1|000|2152||18771,75|12|2252,61|0|0|0||49||0|0|0|||||||||||||110301001|0|
|C190|000|2152|12|0|18771,75|2252,61|0|0|0|0||
|C100|0|0|SA10200994601|55|00|001|442|31250102120411000308550010000004421172997734|13012025|13012025|2420,53|2|0|0|2209,55|9|0|0|0|2209,55|265,15|1854,65|204,2|6,78|||||
|C190|010|2411|12|1291,23|1080,25|129,63|1854,65|204,2|0|6,78||
|C190|000|2202|12|1129,3|1129,3|135,52|0|0|0|0||
|C100|0|0|SA10200995401|55|00|001|443|31250102120411000308550010000004431470424691|13012025|13012025|5827,37|2|0|0|5162|9|0|0|0|5162|619,44|5939,45|657,84|7,53|||||
|C190|010|2411|12|4092,57|3427,2|411,26|5939,45|657,84|0|7,53||
|C190|000|2202|12|1734,8|1734,8|208,18|0|0|0|0||
|C100|0|1|SA20200072601|55|00|001|126858|35250102120411000146550010001268581326608280|10012025|13012025|87952,24|2|0|0|87826,66|9|0|0|0|36956,34|4434,77|0|0|125,58|||||
|C170|1|000007         02|HASTES FLEX.(120UNDX100)COTTON LINE.|6|CX|1086|0|1|000|2152||456,97|12|54,84|0|0|0||03||0|0|0|||||||||||||110301001|0|
|C170|2|000008         02|HASTES FLEX.(75UNX60)C.LINE C/V SHIR|89|CX|6034,2|0|1|000|2152||2539,11|12|304,69|0|0|0||03||0|0|0|||||||||||||110301001|0|
|C170|3|000012         02|CURAT. ANTIS.(35UNDX60)BEGE|5|CX|1152|0|1|000|2152||484,74|12|58,16|0|0|0||03||0|0|0|||||||||||||110301001|0|
|C170|4|000024         02|HASTES FLEX.(75UNX60)C.LINE PROM C/V SHIR|305|CX|21411|0|1|000|2152||9009,47|12|1081,14|0|0|0||03||0|0|0|||||||||||||110301001|0|
|C170|5|000029         02|ALG. BOLA (50GRX48)COLORIDA.|10|FD|1363,2|0|1|000|2152||573,61|12|68,84|0|0|0||03||0|0|0|||||||||||||110301001|0|
|C170|6|000030         02|ALG. BOLA(50GRX48)BRANCA|16|FD|2096,64|0|1|000|2152||882,23|12|105,86|0|0|0||03||0|0|0|||||||||||||110301001|0|
|C170|7|000032         02|HASTES FLEX.(280UNDX60)COTTON LINE|4|CX|960|0|1|000|2152||403,95|12|48,47|0|0|0||03||0|0|0|||||||||||||110301001|0|
|C170|8|000039         02|ALG. BOLA (95GRX24)BRANCA|11|FD|1306,8|0|1|000|2152||549,88|12|65,99|0|0|0||03||0|0|0|||||||||||||110301001|0|
|C170|9|000053         02|HASTES FLEX.(75UNX60)C.LINE S/V SHIR|3|CX|194,4|0|1|000|2152||81,8|12|9,82|0|0|0||03||0|0|0|||||||||||||110301001|0|
|C170|10|000063         02|ALG. SANFONADO(25GRX96).|1|FD|129,6|0|1|000|2152||54,53|12|6,54|0|0|0||03||0|0|0|||||||||||||110301001|0|
|C170|11|000064         02|ALG. QUADRADINHO(40GRX60)|2|FD|332,4|0|1|000|2152||139,86|12|16,79|0|0|0||03||0|0|0|||||||||||||110301001|0|
|C170|12|000071         02|ALG. BOLA(40GRX60)BRANCA|3|FD|388,8|0|1|000|2152||163,6|12|19,63|0|0|0||03||0|0|0|||||||||||||110301001|0|
|C170|13|000072         02|ALG. BOLA(40GRX60)COLORIDA|3|FD|392,4|0|1|000|2152||165,11|12|19,81|0|0|0||03||0|0|0|||||||||||||110301001|0|
|C170|14|000102         02|ALGODAO HIDROF. (25GRX60)|6|CX|525,6|0|1|000|2152||221,16|12|26,54|0|0|0||03||0|0|0|||||||||||||110301001|0|
|C170|15|000103         02|ALGODAO HIDROF. (50GRX30)|4|CX|344,4|0|1|000|2152||144,91|12|17,39|0|0|0||03||0|0|0|||||||||||||110301001|0|
|C170|16|000463         02|CURAT. ANTIS.(35UNDX60)TRANSP.|7|CX|1612,8|0|1|000|2152||678,64|12|81,44|0|0|0||03||0|0|0|||||||||||||110301001|0|
|C170|17|001766         02|LENCO UMD.(70UNX12)POTE ROSA|15|FD|462,6|0|1|000|2152||194,65|12|23,35|0|0|0|0|03||462,6|3,25|15,03|||||||||||||110301001|0|
|C170|18|001767         02|LENCO UMD.(70UNX12)POTE AZUL|15|FD|462,6|0|1|000|2152||194,65|12|23,36|0|0|0|0|03||462,6|3,25|15,04|||||||||||||110301001|0|
|C170|19|001768         02|LENCO UMD.(400UNX2)BALDE  AZUL|3|FD|70,08|0|1|000|2152||29,48|12|3,54|0|0|0|0|03||70,08|3,25|2,28|||||||||||||110301001|0|
|C170|20|001769         02|LENCO UMD.(400UNX2)BALDE ROSA|1|FD|23,36|0|1|000|2152||9,82|12|1,17|0|0|0|0|03||23,36|3,25|0,75|||||||||||||110301001|0|
|C170|21|004302         02|HASTES FLEX.(150UNDX30)COT.LINE C/V SHIR.|13|CX|838,5|0|1|000|2152||352,83|12|42,34|0|0|0||03||0|0|0|||||||||||||110301001|0|
|C170|22|004304         02|ALGODAO HIDROF. (500GRX12)|6|FD|1286,64|0|1|000|2152||541,4|12|64,97|0|0|0||03||0|0|0|||||||||||||110301001|0|
|C170|23|004664         02|HASTES FLEX.(150UNDX30)COT.LINE S/V SHIR|3|CX|188,1|0|1|000|2152||79,15|12|9,5|0|0|0||03||0|0|0|||||||||||||110301001|0|
|C170|24|004770         02|CURAT. ANTIS.(10UNDX120)TRANSP.|4|CX|782,4|0|1|000|2152||329,22|12|39,51|0|0|0||03||0|0|0|||||||||||||110301001|0|
|C170|25|005829         02|ALG. BOLA (30GRX80)BRANCA|8|FD|1094,4|0|1|000|2152||460,5|12|55,26|0|0|0||03||0|0|0|||||||||||||110301001|0|
|C170|26|005928         02|CURAT. ANTIS.(10UNDX120)BEGE|5|CX|978|0|1|000|2152||411,52|12|49,38|0|0|0||03||0|0|0|||||||||||||110301001|0|
|C170|27|008681         02|ALGODAO HIDROF. (250GRX24)|6|FD|1350,72|0|1|000|2152||568,36|12|68,2|0|0|0||03||0|0|0|||||||||||||110301001|0|
|C170|28|008682         02|HASTES FLEX.(75UNX60)B.CARE GIRL SHIR|13|CX|912,6|0|1|000|2152||384,01|12|46,08|0|0|0||03||0|0|0|||||||||||||110301001|0|
|C170|29|008683         02|HASTES FLEX.(75UNX60)B.CARE BOY SHIR|14|CX|949,2|0|1|000|2152||399,41|12|47,93|0|0|0||03||0|0|0|||||||||||||110301001|0|
|C170|30|008736         02|TOALHAS(48UNDX12)BABY CARE BICHOS|33|CX|1077,12|0|1|000|2152||453,23|12|54,38|0|0|0|0|03||1077,12|3,25|35,01|||||||||||||110301001|0|
|C170|31|009612         02|CURAT. ANTIS.(05UNDX100)BEGE|1|CX|140|0|1|000|2152||58,91|12|7,07|0|0|0||03||0|0|0|||||||||||||110301001|0|
|C170|32|010008         02|ABS HIG.(08UNX60)C/ABAS SUAVE SHR 5X12|139|CX|13260,6|0|1|000|2152||5579,89|12|669,59|0|0|0||03||0|0|0|||||||||||||110301001|0|
|C170|33|010009         02|ABS HIG.(08UNX60)C/ABAS SECA SHR 5X12|2|CX|222|0|1|000|2152||93,41|12|11,21|0|0|0||03||0|0|0|||||||||||||110301001|0|
|C170|34|010010         02|ABS HIG.(08UNX60)S/ABAS SUAVE SHR 5X12|35|CX|3255|0|1|000|2152||1369,66|12|164,36|0|0|0||03||0|0|0|||||||||||||110301001|0|
|C170|35|010011         02|ABS HIG.(08UNX60)S/ABAS SECA SHR 5X12|2|CX|218,4|0|1|000|2152||91,89|12|11,02|0|0|0||03||0|0|0|||||||||||||110301001|0|
|C170|36|010037         02|HASTES FLEX.(75UNX60)BIODEGRADAVEL C/V SHR|61|CX|4135,8|0|1|000|2152||1740,29|12|208,84|0|0|0||03||0|0|0|||||||||||||110301001|0|
|C170|37|010063         02|FIO DENTAL(32UNDX48)FLIP ORAL CARE COT.LINE|7|CX|2593,92|0|1|000|2152||1091,48|12|130,98|0|0|0||03||2593,92|0|0|||||||||||||110301001|0|
|C170|38|010097         02|TOALHAS ANTISSEPTICA C/ ALCOOL 70%(48UNX12)|8|CX|403,2|0|1|000|2152||169,66|12|20,35|0|0|0|0|03||403,2|3,25|13,1|||||||||||||110301001|0|
|C170|39|010362         02|TOALHA(96UNDX6)FUNDO DO MAR|2|CX|63,24|0|1|000|2152||26,61|12|3,2|0|0|0|0|03||63,24|3,25|2,06|||||||||||||110301001|0|
|C170|40|013758         02|TOALHAS(24UNX36)DEMAQ.SENSITIVE CARE|8|CX|601,92|0|1|000|2152||253,28|12|30,39|0|0|0|0|03||601,92|3,25|19,56|||||||||||||110301001|0|
|C170|41|013759         02|TOALHAS(24UNX36)FEMININAS HIG INTIMA|8|CX|570,24|0|1|000|2152||239,94|12|28,79|0|0|0|0|03||570,24|3,25|18,53|||||||||||||110301001|0|
|C170|42|013983         02|ABS HIG.(16UNX30)C/ABAS SUAVE SHR 5X6 LEVE MAIS PG MENOS|44|CX|4065,6|0|1|000|2152||1710,75|12|205,29|0|0|0||03||0|0|0|||||||||||||110301001|0|
|C170|43|013984         02|ABS HIG.(16UNX30)S/ABAS SUAVE SHR 5X6 LEVE MAIS PG MENOS|45|CX|4063,5|0|1|000|2152||1709,86|12|205,19|0|0|0||03||0|0|0|||||||||||||110301001|0|
|C170|44|014109         02|CURAT.ANTIS.(24UNDX60)HORRIPILANTES|1|CX|230,4|0|1|000|2152||96,94|12|11,63|0|0|0||03||0|0|0|||||||||||||110301001|0|
|C170|45|PT10118        02|HASTES FLEX.(150UNX48)POTE BIODEG. ECOL.|8|CX|1355,52|0|1|000|2152||570,38|12|68,44|0|0|0||03||0|0|0|||||||||||||110301001|0|
|C170|46|PT1016         02|HASTES FLEX.(150UNX48)POTE C.LINE DIA  A DIA|16|CX|2711,04|0|1|000|2152||1140,77|12|136,9|0|0|0||03||0|0|0|||||||||||||110301001|0|
|C170|47|RN1015         02|TOALHAS(48UNX12)RECEM NASCIDO|2|CX|66,48|0|1|000|2152||27,97|12|3,35|0|0|0|0|03||66,48|3,25|2,16|||||||||||||110301001|0|
|C170|48|RN8738         02|TOALHAS(96UNDX06)BABY CARE RN|2|CX|63,24|0|1|000|2152||26,85|12|3,25|0|0|0|0|03||63,24|3,25|2,06|||||||||||||110301001|0|
|C190|000|2152|12|87952,24|36956,34|4434,77|0|0|0|125,58||
|C100|0|1|SA20200072601|55|00|001|126870|35250102120411000146550010001268701531382497|10012025|13012025|87706,98|2|0|0|87706,98|9|0|0|0|20353,94|2442,46|0|0|0|||||
|C170|1|000706         02|DISCO DIAN. 485MM EM POLIONDAS|132|UN|745,8|0|1|000|2557||0|0|0|0|0|0||03||0|0|0|||||||||||||110303002|0|
|C170|2|014501         02|ALGODAO MANTA 150 MM - 29  A 31 G.|1507,7|KG|43647,91|0|1|000|2152||10588,52|12|1270,62|0|0|0||03||0|0|0|||||||||||||110301001|0|
|C170|3|014502         02|ALGODAO MANTA 100 MM - 20  A 22 GR.|1390,5|KG|40254,97|0|1|000|2152||9765,42|12|1171,84|0|0|0||03||0|0|0|||||||||||||110301001|0|
|C170|4|015953         02|PALETES DE PLASTICOS 1,20 X 1,00MT PRETO (NEVE)|17|UN|3058,3|0|1|000|2557||0|0|0|0|0|0||03||0|0|0|||||||||||||340105013|0|
|C190|000|2557|0|3804,1|0|0|0|0|0|0||
|C190|000|2152|12|83902,88|20353,94|2442,46|0|0|0|0||
|C100|0|1|SA20200072601|55|00|001|126878|35250102120411000146550010001268781255645679|14012025|15012025|85218,09|2|0|0|85218,09|9|0|0|0|33841,61|4060,95|0|0|0|||||
|C170|1|000007         02|HASTES FLEX.(120UNDX100)COTTON LINE.|4|CX|724|0|1|000|2152||287,51|12|34,5|0|0|0||03||0|0|0|||||||||||||110301001|0|
|C170|2|000008         02|HASTES FLEX.(75UNX60)C.LINE C/V SHIR|55|CX|3729|0|1|000|2152||1480,85|12|177,7|0|0|0||03||0|0|0|||||||||||||110301001|0|
|C170|3|000012         02|CURAT. ANTIS.(35UNDX60)BEGE|21|CX|4838,4|0|1|000|2152||1921,41|12|230,57|0|0|0||03||0|0|0|||||||||||||110301001|0|
|C170|4|000024         02|HASTES FLEX.(75UNX60)C.LINE PROM C/V SHIR|80|CX|5424|0|1|000|2152||2153,96|12|258,48|0|0|0||03||0|0|0|||||||||||||110301001|0|
|C170|5|000029         02|ALG. BOLA (50GRX48)COLORIDA.|4|FD|524,16|0|1|000|2152||208,15|12|24,98|0|0|0||03||0|0|0|||||||||||||110301001|0|
|C170|6|000030         02|ALG. BOLA(50GRX48)BRANCA|19|FD|2323,89|0|1|000|2152||922,85|12|110,74|0|0|0||03||0|0|0|||||||||||||110301001|0|
|C170|7|000032         02|HASTES FLEX.(280UNDX60)COTTON LINE|13|CX|2912,39|0|1|000|2152||1156,56|12|138,79|0|0|0||03||0|0|0|||||||||||||110301001|0|
|C170|8|000039         02|ALG. BOLA (95GRX24)BRANCA|5|FD|553,9|0|1|000|2152||219,96|12|26,39|0|0|0||03||0|0|0|||||||||||||110301001|0|
|C170|9|000053         02|HASTES FLEX.(75UNX60)C.LINE S/V SHIR|27|CX|1749,6|0|1|000|2152||694,79|12|83,38|0|0|0||03||0|0|0|||||||||||||110301001|0|
|C170|10|000063         02|ALG. SANFONADO(25GRX96).|2|FD|259,2|0|1|000|2152||102,93|12|12,35|0|0|0||03||0|0|0|||||||||||||110301001|0|
|C170|11|000064         02|ALG. QUADRADINHO(40GRX60)|4|FD|639,76|0|1|000|2152||254,06|12|30,48|0|0|0||03||0|0|0|||||||||||||110301001|0|
|C170|12|000068         02|ALG. ESPONJA(100GRX48)|2|FD|666,24|0|1|000|2152||264,57|12|31,75|0|0|0||03||0|0|0|||||||||||||110301001|0|
|C170|13|000069         02|ALG. QUADRADINHO(95GRX48)|1|FD|308,16|0|1|000|2152||122,37|12|14,68|0|0|0||03||0|0|0|||||||||||||110301001|0|
|C170|14|000071         02|ALG. BOLA(40GRX60)BRANCA|13|FD|1684,8|0|1|000|2152||669,06|12|80,29|0|0|0||03||0|0|0|||||||||||||110301001|0|
|C170|15|000072         02|ALG. BOLA(40GRX60)COLORIDA|7|FD|907,2|0|1|000|2152||360,26|12|43,23|0|0|0||03||0|0|0|||||||||||||110301001|0|
|C170|16|000099         02|LENCO UMD.(40UNX12)POTE ROSA|5|FD|108,6|0|1|000|2152||43,12|12|5,17|0|0|0||03||0|0|0|||||||||||||110301001|0|
|C170|17|000102         02|ALGODAO HIDROF. (25GRX60)|125|CX|10216,25|0|1|000|2152||4057,05|12|486,85|0|0|0||03||0|0|0|||||||||||||110301001|0|
|C170|18|000103         02|ALGODAO HIDROF. (50GRX30)|11|CX|882,86|0|1|000|2152||350,59|12|42,07|0|0|0||03||0|0|0|||||||||||||110301001|0|
|C170|19|000463         02|CURAT. ANTIS.(35UNDX60)TRANSP.|36|CX|8294,4|0|1|000|2152||3293,85|12|395,26|0|0|0||03||0|0|0|||||||||||||110301001|0|
|C170|20|001338         02|HASTES FLEX.(75UNX60)C.LINE PROM S/V|22|CX|1491,6|0|1|000|2152||592,34|12|71,08|0|0|0||03||0|0|0|||||||||||||110301001|0|
|C170|21|001764         02|REFIL - (400UNID.X6)LENCO UMD.|22|CX|1172,16|0|1|000|2152||465,48|12|55,85|0|0|0||03||0|0|0|||||||||||||110301001|0|
|C170|22|001766         02|LENCO UMD.(70UNX12)POTE ROSA|3|FD|92,52|0|1|000|2152||36,74|12|4,41|0|0|0||03||0|0|0|||||||||||||110301001|0|
|C170|23|001767         02|LENCO UMD.(70UNX12)POTE AZUL|5|FD|154,2|0|1|000|2152||61,23|12|7,34|0|0|0||03||0|0|0|||||||||||||110301001|0|
|C170|24|001768         02|LENCO UMD.(400UNX2)BALDE  AZUL|24|FD|536,16|0|1|000|2152||212,91|12|25,55|0|0|0||03||0|0|0|||||||||||||110301001|0|
|C170|25|001769         02|LENCO UMD.(400UNX2)BALDE ROSA|25|FD|558,5|0|1|000|2152||221,79|12|26,61|0|0|0||03||0|0|0|||||||||||||110301001|0|
|C170|26|002573         02|LENCO UMD.(400UNX2)BALDE AMARELO|7|FD|179,2|0|1|000|2152||71,16|12|8,54|0|0|0||03||0|0|0|||||||||||||110301001|0|
|C170|27|002867         02|LENCO UMD.(40UNX12)POTE AMARELO|2|FD|43,44|0|1|000|2152||17,25|12|2,07|0|0|0||03||0|0|0|||||||||||||110301001|0|
|C170|28|004302         02|HASTES FLEX.(150UNDX30)COT.LINE C/V SHIR.|15|CX|967,5|0|1|000|2152||384,21|12|46,1|0|0|0||03||0|0|0|||||||||||||110301001|0|
|C170|29|004304         02|ALGODAO HIDROF. (500GRX12)|6|FD|1189,62|0|1|000|2152||472,41|12|56,69|0|0|0||03||0|0|0|||||||||||||110301001|0|
|C170|30|004664         02|HASTES FLEX.(150UNDX30)COT.LINE S/V SHIR|29|CX|1818,3|0|1|000|2152||722,07|12|86,65|0|0|0||03||0|0|0|||||||||||||110301001|0|
|C170|31|004770         02|CURAT. ANTIS.(10UNDX120)TRANSP.|16|CX|3129,6|0|1|000|2152||1242,81|12|149,14|0|0|0||03||0|0|0|||||||||||||110301001|0|
|C170|32|005829         02|ALG. BOLA (30GRX80)BRANCA|14|FD|1789,2|0|1|000|2152||710,52|12|85,26|0|0|0||03||0|0|0|||||||||||||110301001|0|
|C170|33|005830         02|ALG. BOLA(30GRX80)COLORIDO|2|FD|278,4|0|1|000|2152||110,55|12|13,26|0|0|0||03||0|0|0|||||||||||||110301001|0|
|C170|34|005928         02|CURAT. ANTIS.(10UNDX120)BEGE|15|CX|2934|0|1|000|2152||1165,14|12|139,82|0|0|0||03||0|0|0|||||||||||||110301001|0|
|C170|35|008664         02|LENCO UMD.(40UNX12)POTE LILAS|2|FD|43,44|0|1|000|2152||17,25|12|2,07|0|0|0||03||0|0|0|||||||||||||110301001|0|
|C170|36|008665         02|LENCO UMD.(70UNX12)POTE LILAS|2|FD|64,56|0|1|000|2152||25,63|12|3,08|0|0|0||03||0|0|0|||||||||||||110301001|0|
|C170|37|008666         02|LENCO UMD.(400UNX2)BALDE LILAS|7|FD|179,2|0|1|000|2152||71,16|12|8,53|0|0|0||03||0|0|0|||||||||||||110301001|0|
|C170|38|008682         02|HASTES FLEX.(75UNX60)B.CARE GIRL SHIR|14|CX|949,2|0|1|000|2152||376,94|12|45,24|0|0|0||03||0|0|0|||||||||||||110301001|0|
|C170|39|008683         02|HASTES FLEX.(75UNX60)B.CARE BOY SHIR|20|CX|1356|0|1|000|2152||538,49|12|64,62|0|0|0||03||0|0|0|||||||||||||110301001|0|
|C170|40|008736         02|TOALHAS(48UNDX12)BABY CARE BICHOS|22|CX|710,16|0|1|000|2152||282,01|12|33,84|0|0|0||03||0|0|0|||||||||||||110301001|0|
|C170|41|010008         02|ABS HIG.(08UNX60)C/ABAS SUAVE SHR 5X12|57|CX|5437,8|0|1|000|2152||2159,44|12|259,13|0|0|0||03||0|0|0|||||||||||||110301001|0|
|C170|42|010009         02|ABS HIG.(08UNX60)C/ABAS SECA SHR 5X12|2|CX|222|0|1|000|2152||88,16|12|10,57|0|0|0||03||0|0|0|||||||||||||110301001|0|
|C170|43|010010         02|ABS HIG.(08UNX60)S/ABAS SUAVE SHR 5X12|20|CX|1860|0|1|000|2152||738,63|12|88,64|0|0|0||03||0|0|0|||||||||||||110301001|0|
|C170|44|010037         02|HASTES FLEX.(75UNX60)BIODEGRADAVEL C/V SHR|14|CX|1041,6|0|1|000|2152||413,63|12|49,63|0|0|0||03||0|0|0|||||||||||||110301001|0|
|C170|45|010062         02|FIO DENTAL(32UNDX72)REFIL ORAL CARE COT.LINE|4|CX|1762,56|0|1|000|2152||699,94|12|84|0|0|0||03||0|0|0|||||||||||||110301001|0|
|C170|46|010064         02|FIO DENTAL(10UNDX72)BOLSA ORAL CARE COT.LINE|2|CX|403,2|0|1|000|2152||160,11|12|19,22|0|0|0||03||0|0|0|||||||||||||110301001|0|
|C170|47|010362         02|TOALHA(96UNDX6)FUNDO DO MAR|13|CX|405,6|0|1|000|2152||161,07|12|19,32|0|0|0||03||0|0|0|||||||||||||110301001|0|
|C170|48|013564         02|CURAT.ANTIS.(24UNDX60)DRAGON RANGERS SORT.|5|CX|1152|0|1|000|2152||457,47|12|54,9|0|0|0||03||0|0|0|||||||||||||110301001|0|
|C170|49|013758         02|TOALHAS(24UNX36)DEMAQ.SENSITIVE CARE|14|CX|1149,12|0|1|000|2152||456,33|12|54,75|0|0|0||03||0|0|0|||||||||||||110301001|0|
|C170|50|013759         02|TOALHAS(24UNX36)FEMININAS HIG INTIMA|8|CX|619,2|0|1|000|2152||245,89|12|29,51|0|0|0||03||0|0|0|||||||||||||110301001|0|
|C170|51|013983         02|ABS HIG.(16UNX30)C/ABAS SUAVE SHR 5X6 LEVE MAIS PG MENOS|7|CX|646,8|0|1|000|2152||256,85|12|30,82|0|0|0||03||0|0|0|||||||||||||110301001|0|
|C170|52|013984         02|ABS HIG.(16UNX30)S/ABAS SUAVE SHR 5X6 LEVE MAIS PG MENOS|5|CX|455|0|1|000|2152||180,68|12|21,68|0|0|0||03||0|0|0|||||||||||||110301001|0|
|C170|53|014109         02|CURAT.ANTIS.(24UNDX60)HORRIPILANTES|6|CX|1382,4|0|1|000|2152||548,97|12|65,88|0|0|0||03||0|0|0|||||||||||||110301001|0|
|C170|54|DC2018         02|ALG.(30GRX48)POTE DISCO LIMP.FACIAL|3|CX|599,04|0|1|000|2152||237,88|12|28,54|0|0|0||03||0|0|0|||||||||||||110301001|0|
|C170|55|PT1016         02|HASTES FLEX.(150UNX48)POTE C.LINE DIA  A DIA|5|CX|847,2|0|1|000|2152||336,43|12|40,38|0|0|0||03||0|0|0|||||||||||||110301001|0|
|C170|56|PT8739         02|HASTES FLEX.(150UNX48)POTE B.CARE BOY|1|CX|186,24|0|1|000|2152||73,95|12|8,87|0|0|0||03||0|0|0|||||||||||||110301001|0|
|C170|57|RN1015         02|TOALHAS(48UNX12)RECEM NASCIDO|15|CX|527,4|0|1|000|2152||209,43|12|25,13|0|0|0||03||0|0|0|||||||||||||110301001|0|
|C170|58|RN8738         02|TOALHAS(96UNDX06)BABY CARE RN|2|CX|66,84|0|1|000|2152||26,54|12|3,18|0|0|0||03||0|0|0|||||||||||||110301001|0|
|C170|59|RN8739         02|TOALHAS(96UNDX06)BABY CARE RN C/TAMPA|2|CX|70,32|0|1|000|2152||28,22|12|3,39|0|0|0||03||0|0|0|||||||||||||110301001|0|
|C190|000|2152|12|85218,09|33841,61|4060,95|0|0|0|0||
|C100|0|1|SA20200072601|55|00|001|126911|35250102120411000146550010001269111830738956|16012025|16012025|121745,89|2|0|0|121745,89|9|0|0|0|59401,34|7128,16|0|0|0|||||
|C170|1|000706         02|DISCO DIAN. 485MM EM POLIONDAS|138|UN|779,7|0|1|000|2557||0|0|0|0|0|0||03||0|0|0|||||||||||||110303002|0|
|C170|2|014501         02|ALGODAO MANTA 150 MM - 29  A 31 G.|1500,1|KG|43427,89|0|1|000|2152||21990,56|12|2638,87|0|0|0||03||0|0|0|||||||||||||110301001|0|
|C170|3|014502         02|ALGODAO MANTA 100 MM - 20  A 22 GR.|2552|KG|73880,4|0|1|000|2152||37410,78|12|4489,29|0|0|0||03||0|0|0|||||||||||||110301001|0|
|C170|4|015492         02|PALETE DE PLASTICOS 1,20 X 1,00MT  BRANCO VAZADO (NEVE)|4|UN|599,6|0|1|000|2557||0|0|0|0|0|0||03||0|0|0|||||||||||||340105013|0|
|C170|5|015953         02|PALETES DE PLASTICOS 1,20 X 1,00MT PRETO (NEVE)|17|UN|3058,3|0|1|000|2557||0|0|0|0|0|0||03||0|0|0|||||||||||||340105013|0|
|C190|000|2557|0|4437,6|0|0|0|0|0|0||
|C190|000|2152|12|117308,29|59401,34|7128,16|0|0|0|0||
|C100|0|1|SA20200072601|55|06|001|126912|35250102120411000146550010001269121754767269|16012025|16012025|217,1|2|0|0|0|9|0|0|0|0|0|0|0|217,1|||||
|C170|1|002867         02|LENCO UMD.(40UNX12)POTE AMARELO|1|FD|0|0|1|090|2152||0|0|0|0|0|0|0|00||0|0|1,41|||||||||||||110301001|0|
|C170|2|000099         02|LENCO UMD.(40UNX12)POTE ROSA|1|FD|0|0|1|090|2152||0|0|0|0|0|0|0|00||0|0|3,52|||||||||||||110301001|0|
|C170|3|001764         02|REFIL - (400UNID.X6)LENCO UMD.|1|CX|0|0|1|090|2152||0|0|0|0|0|0|0|00||0|0|38,1|||||||||||||110301001|0|
|C170|4|002573         02|LENCO UMD.(400UNX2)BALDE AMARELO|1|FD|0|0|1|090|2152||0|0|0|0|0|0|0|00||0|0|5,82|||||||||||||110301001|0|
|C170|5|001766         02|LENCO UMD.(70UNX12)POTE ROSA|1|FD|0|0|1|090|2152||0|0|0|0|0|0|0|00||0|0|3|||||||||||||110301001|0|
|C170|6|001767         02|LENCO UMD.(70UNX12)POTE AZUL|1|FD|0|0|1|090|2152||0|0|0|0|0|0|0|00||0|0|5,01|||||||||||||110301001|0|
|C170|7|001768         02|LENCO UMD.(400UNX2)BALDE  AZUL|1|FD|0|0|1|090|2152||0|0|0|0|0|0|0|00||0|0|17,43|||||||||||||110301001|0|
|C170|8|001769         02|LENCO UMD.(400UNX2)BALDE ROSA|1|FD|0|0|1|090|2152||0|0|0|0|0|0|0|00||0|0|18,15|||||||||||||110301001|0|
|C170|9|008736         02|TOALHAS(48UNDX12)BABY CARE BICHOS|1|CX|0|0|1|090|2152||0|0|0|0|0|0|0|00||0|0|23,08|||||||||||||110301001|0|
|C170|10|008664         02|LENCO UMD.(40UNX12)POTE LILAS|1|FD|0|0|1|090|2152||0|0|0|0|0|0|0|00||0|0|1,41|||||||||||||110301001|0|
|C170|11|010362         02|TOALHA(96UNDX6)FUNDO DO MAR|1|CX|0|0|1|090|2152||0|0|0|0|0|0|0|00||0|0|13,18|||||||||||||110301001|0|
|C170|12|008665         02|LENCO UMD.(70UNX12)POTE LILAS|1|FD|0|0|1|090|2152||0|0|0|0|0|0|0|00||0|0|2,1|||||||||||||110301001|0|
|C170|13|RN1015         02|TOALHAS(48UNX12)RECEM NASCIDO|1|CX|0|0|1|090|2152||0|0|0|0|0|0|0|00||0|0|17,14|||||||||||||110301001|0|
|C170|14|008666         02|LENCO UMD.(400UNX2)BALDE LILAS|1|FD|0|0|1|090|2152||0|0|0|0|0|0|0|00||0|0|5,82|||||||||||||110301001|0|
|C170|15|013758         02|TOALHAS(24UNX36)DEMAQ.SENSITIVE CARE|1|CX|0|0|1|090|2152||0|0|0|0|0|0|0|00||0|0|37,35|||||||||||||110301001|0|
|C170|16|013759         02|TOALHAS(24UNX36)FEMININAS HIG INTIMA|1|CX|0|0|1|090|2152||0|0|0|0|0|0|0|00||0|0|20,12|||||||||||||110301001|0|
|C170|17|RN8738         02|TOALHAS(96UNDX06)BABY CARE RN|1|CX|0|0|1|090|2152||0|0|0|0|0|0|0|00||0|0|2,17|||||||||||||110301001|0|
|C170|18|RN8739         02|TOALHAS(96UNDX06)BABY CARE RN C/TAMPA|1|CX|0|0|1|090|2152||0|0|0|0|0|0|0|00||0|0|2,29|||||||||||||110301001|0|
|C190|090|2152|0|217,1|0|0|0|0|0|217,1||
|C100|0|0|SA10201443601|55|00|001|492|31250102120411000308550010000004921867915533|16012025|16012025|1458,2|2|0|0|1458,2|9|0|0|0|0|0|0|0|0|||||
|C190|000|2202||1458,2|0|0|0|0|0|0||
|C100|0|1|SA20200072601|55|00|001|126910|35250102120411000146550010001269101310382122|15012025|16012025|67716,53|2|0|0|67691,62|9|0|0|0|26412,7|3169,52|0|0|24,91|||||
|C170|1|000008         02|HASTES FLEX.(75UNX60)C.LINE C/V SHIR|131|CX|8488,8|0|1|000|2152||3312,25|12|397,47|0|0|0||03||0|0|0|||||||||||||110301001|0|
|C170|2|000012         02|CURAT. ANTIS.(35UNDX60)BEGE|3|CX|691,2|0|1|000|2152||269,7|12|32,37|0|0|0||03||0|0|0|||||||||||||110301001|0|
|C170|3|000024         02|HASTES FLEX.(75UNX60)C.LINE PROM C/V SHIR|60|CX|4320|0|1|000|2152||1685,62|12|202,27|0|0|0||03||0|0|0|||||||||||||110301001|0|
|C170|4|000029         02|ALG. BOLA (50GRX48)COLORIDA.|1|FD|131,04|0|1|000|2152||51,13|12|6,13|0|0|0||03||0|0|0|||||||||||||110301001|0|
|C170|5|000030         02|ALG. BOLA(50GRX48)BRANCA|20|FD|2620,8|0|1|000|2152||1022,61|12|122,72|0|0|0||03||0|0|0|||||||||||||110301001|0|
|C170|6|000032         02|HASTES FLEX.(280UNDX60)COTTON LINE|21|CX|5040|0|1|000|2152||1966,56|12|235,99|0|0|0||03||0|0|0|||||||||||||110301001|0|
|C170|7|000039         02|ALG. BOLA (95GRX24)BRANCA|2|FD|237,6|0|1|000|2152||92,7|12|11,12|0|0|0||03||0|0|0|||||||||||||110301001|0|
|C170|8|000063         02|ALG. SANFONADO(25GRX96).|3|FD|388,8|0|1|000|2152||151,7|12|18,21|0|0|0||03||0|0|0|||||||||||||110301001|0|
|C170|9|000064         02|ALG. QUADRADINHO(40GRX60)|3|FD|514,8|0|1|000|2152||200,87|12|24,1|0|0|0||03||0|0|0|||||||||||||110301001|0|
|C170|10|000066         02|ALG. SANFONADO(50GRX48)|9|FD|1157,76|0|1|000|2152||451,74|12|54,2|0|0|0||03||0|0|0|||||||||||||110301001|0|
|C170|11|000068         02|ALG. ESPONJA(100GRX48)|2|FD|566,4|0|1|000|2152||221|12|26,52|0|0|0||03||0|0|0|||||||||||||110301001|0|
|C170|12|000069         02|ALG. QUADRADINHO(95GRX48)|7|FD|1962,24|0|1|000|2152||765,64|12|91,88|0|0|0||03||0|0|0|||||||||||||110301001|0|
|C170|13|000071         02|ALG. BOLA(40GRX60)BRANCA|11|FD|1425,6|0|1|000|2152||556,25|12|66,75|0|0|0||03||0|0|0|||||||||||||110301001|0|
|C170|14|000072         02|ALG. BOLA(40GRX60)COLORIDA|10|FD|1296|0|1|000|2152||505,68|12|60,68|0|0|0||03||0|0|0|||||||||||||110301001|0|
|C170|15|000102         02|ALGODAO HIDROF. (25GRX60)|46|CX|3836,4|0|1|000|2152||1496,93|12|179,64|0|0|0||03||0|0|0|||||||||||||110301001|0|
|C170|16|000103         02|ALGODAO HIDROF. (50GRX30)|10|CX|861|0|1|000|2152||335,95|12|40,31|0|0|0||03||0|0|0|||||||||||||110301001|0|
|C170|17|000463         02|CURAT. ANTIS.(35UNDX60)TRANSP.|13|CX|2995,2|0|1|000|2152||1168,7|12|140,25|0|0|0||03||0|0|0|||||||||||||110301001|0|
|C170|18|001338         02|HASTES FLEX.(75UNX60)C.LINE PROM S/V|17|CX|1162,8|0|1|000|2152||453,71|12|54,44|0|0|0||03||0|0|0|||||||||||||110301001|0|
|C170|19|001765         02|REFIL - (70UNID.X24)LENCO UMD.|3|CX|123,12|0|1|000|2152||48,04|12|5,77|0|0|0|0|03||123,12|3,25|4|||||||||||||110301001|0|
|C170|20|001767         02|LENCO UMD.(70UNX12)POTE AZUL|4|FD|123,36|0|1|000|2152||48,13|12|5,77|0|0|0|0|03||123,36|3,25|4,01|||||||||||||110301001|0|
|C170|21|002016         02|HASTES FLEX.(75UNX60)DORAGON/MIDORI|10|CX|678|0|1|000|2152||264,54|12|31,74|0|0|0||03||0|0|0|||||||||||||110301001|0|
|C170|22|004302         02|HASTES FLEX.(150UNDX30)COT.LINE C/V SHIR.|31|CX|1999,5|0|1|000|2152||780,18|12|93,63|0|0|0||03||0|0|0|||||||||||||110301001|0|
|C170|23|004304         02|ALGODAO HIDROF. (500GRX12)|19|FD|4035,6|0|1|000|2152||1574,65|12|188,95|0|0|0||03||0|0|0|||||||||||||110301001|0|
|C170|24|004770         02|CURAT. ANTIS.(10UNDX120)TRANSP.|5|CX|978|0|1|000|2152||381,6|12|45,79|0|0|0||03||0|0|0|||||||||||||110301001|0|
|C170|25|005829         02|ALG. BOLA (30GRX80)BRANCA|19|FD|2477,6|0|1|000|2152||966,73|12|116,01|0|0|0||03||0|0|0|||||||||||||110301001|0|
|C170|26|005830         02|ALG. BOLA(30GRX80)COLORIDO|2|FD|273,6|0|1|000|2152||106,75|12|12,81|0|0|0||03||0|0|0|||||||||||||110301001|0|
|C170|27|005928         02|CURAT. ANTIS.(10UNDX120)BEGE|6|CX|1173,6|0|1|000|2152||457,92|12|54,95|0|0|0||03||0|0|0|||||||||||||110301001|0|
|C170|28|005984         02|HASTES FLEX.(80 UNID.X150)COTTON LINE|1|CX|193,5|0|1|000|2152||75,5|12|9,06|0|0|0||03||0|0|0|||||||||||||110301001|0|
|C170|29|008681         02|ALGODAO HIDROF. (250GRX24)|14|FD|3121,44|0|1|000|2152||1217,95|12|146,16|0|0|0||03||0|0|0|||||||||||||110301001|0|
|C170|30|008682         02|HASTES FLEX.(75UNX60)B.CARE GIRL SHIR|3|CX|194,4|0|1|000|2152||75,85|12|9,1|0|0|0||03||0|0|0|||||||||||||110301001|0|
|C170|31|008683         02|HASTES FLEX.(75UNX60)B.CARE BOY SHIR|6|CX|388,8|0|1|000|2152||151,7|12|18,2|0|0|0||03||0|0|0|||||||||||||110301001|0|
|C170|32|008737         02|TOALHAS(40UNDX12)USO FAMILY CARE|5|CX|210,6|0|1|000|2152||82,17|12|9,86|0|0|0|0|03||210,6|3,25|6,84|||||||||||||110301001|0|
|C170|33|009612         02|CURAT. ANTIS.(05UNDX100)BEGE|1|CX|127|0|1|000|2152||49,55|12|5,95|0|0|0||03||0|0|0|||||||||||||110301001|0|
|C170|34|010008         02|ABS HIG.(08UNX60)C/ABAS SUAVE SHR 5X12|30|CX|2682|0|1|000|2152||1046,49|12|125,58|0|0|0||03||0|0|0|||||||||||||110301001|0|
|C170|35|010010         02|ABS HIG.(08UNX60)S/ABAS SUAVE SHR 5X12|14|CX|1226,4|0|1|000|2152||478,53|12|57,42|0|0|0||03||0|0|0|||||||||||||110301001|0|
|C170|36|010037         02|HASTES FLEX.(75UNX60)BIODEGRADAVEL C/V SHR|63|CX|4309,2|0|1|000|2152||1681,41|12|201,77|0|0|0||03||0|0|0|||||||||||||110301001|0|
|C170|37|010062         02|FIO DENTAL(32UNDX72)REFIL ORAL CARE COT.LINE|1|CX|440,64|0|1|000|2152||171,93|12|20,63|0|0|0||03||0|0|0|||||||||||||110301001|0|
|C170|38|010063         02|FIO DENTAL(32UNDX48)FLIP ORAL CARE COT.LINE|5|CX|1852,8|0|1|000|2152||722,94|12|86,76|0|0|0||03||0|0|0|||||||||||||110301001|0|
|C170|39|010362         02|TOALHA(96UNDX6)FUNDO DO MAR|5|CX|158,1|0|1|000|2152||61,68|12|7,4|0|0|0|0|03||158,1|3,25|5,14|||||||||||||110301001|0|
|C170|40|013760         02|TOALHAS(5X48/240UNX04)C LINE PACK PROM|2|CX|81,12|0|1|000|2152||31,65|12|3,79|0|0|0|0|03||81,12|3,25|2,64|||||||||||||110301001|0|
|C170|41|013983         02|ABS HIG.(16UNX30)C/ABAS SUAVE SHR 5X6 LEVE MAIS PG MENOS|5|CX|496|0|1|000|2152||193,53|12|23,22|0|0|0||03||0|0|0|||||||||||||110301001|0|
|C170|42|013984         02|ABS HIG.(16UNX30)S/ABAS SUAVE SHR 5X6 LEVE MAIS PG MENOS|6|CX|547,2|0|1|000|2152||213,51|12|25,63|0|0|0||03||0|0|0|||||||||||||110301001|0|
|C170|43|PT1016         02|HASTES FLEX.(150UNX48)POTE C.LINE DIA  A DIA|12|CX|2033,28|0|1|000|2152||793,36|12|95,2|0|0|0||03||0|0|0|||||||||||||110301001|0|
|C170|44|RN8739         02|TOALHAS(96UNDX06)BABY CARE RN C/TAMPA|2|CX|70,32|0|1|000|2152||27,67|12|3,32|0|0|0|0|03||70,32|3,25|2,28|||||||||||||110301001|0|
|C190|000|2152|12|67716,53|26412,7|3169,52|0|0|0|24,91||
|C100|0|1|SA20200072601|55|00|001|126913|35250102120411000146550010001269131694726577|16012025|16012025|153912,67|2|0|0|153912,67|9|0|0|0|71772,75|8612,73|0|0|0|||||
|C170|1|014501         02|ALGODAO MANTA 150 MM - 29  A 31 G.|5316,5|KG|153912,67|0|1|000|2152||71772,75|12|8612,73|0|0|0||03||0|0|0|||||||||||||110301001|0|
|C190|000|2152|12|153912,67|71772,75|8612,73|0|0|0|0||
|C100|0|1|SA20200072601|55|00|001|126919|35250102120411000146550010001269191671013977|16012025|16012025|8750,37|2|0|0|8750,37|9|0|0|0|4578,84|549,46|0|0|0|||||
|C170|1|002630         02|ALG.  MECHA COTTON BRANCO  1.3  A  1.5 GR.|300,7|KG|8750,37|0|1|000|2152||4578,84|12|549,46|0|0|0||03||0|0|0|||||||||||||110301001|0|
|C190|000|2152|12|8750,37|4578,84|549,46|0|0|0|0||
|C100|0|1|SA10201057001|01|00|001|77502||23122024|22012025|225,54|2|0|0|195,6|9|0|0|0|0|0|296,77|29,94|0|||||
|C170|1|005928         02|CURAT. ANTIS.(10UNDX120)BEGE|1|CX|195,6|0|1|010|1411||0||0|296,77|18|29,94||03||0|0|0|||||||||||||110301001|0|
|C190|010|1411||225,54|0|0|296,77|29,94|0|0||
|C100|0|1|SA10201229001|01|00|003|204||28112024|22012025|23,04|2|0|0|23,04|9|0|0|0|0|0|0|0|0|||||
|C170|1|014109         02|CURAT.ANTIS.(24UNDX60)HORRIPILANTES|0,1|CX|23,04|0|1|000|2202||0||0|0|0|0||03||0|0|0|||||||||||||110301001|0|
|C190|000|2202||23,04|0|0|0|0|0|0||
|C100|0|1|SA10201424101|55|00|050|2473|31241218468199001386550500000024731102085626|17122024|22012025|150,5|2|11|0|131,04|9|0|0|0|131,04|15,73|256,63|30,46|0|||||
|C170|1|000030         02|ALG. BOLA(50GRX48)BRANCA|1|FD|131,04|11|1|010|1411||131,04|12|15,73|256,63|18|30,46||03||0|0|0|||||||||||||110301001|0|
|C190|010|1411|12|150,5|131,04|15,73|256,63|30,46|0|0||
|C100|0|1|SA10201169701|55|00|050|28717|31241218468199000738550500000287171138530570|17122024|22012025|150,49|2|11,01|0|131,04|9|0|0|0|131,04|15,73|256,63|30,46|0|||||
|C170|1|000030         02|ALG. BOLA(50GRX48)BRANCA|1|FD|131,04|11,01|1|010|1411||131,04|12|15,73|256,63|18|30,46||03||0|0|0|||||||||||||110301001|0|
|C190|010|1411|12|150,49|131,04|15,73|256,63|30,46|0|0||
|C100|0|1|SA10201150701|55|00|050|50023|31241218468199000657550500000500231123854503|18122024|22012025|481,56|2|0|0|390,72|9|0|0|0|390,72|46,89|765,18|90,84|0|||||
|C170|1|000030         02|ALG. BOLA(50GRX48)BRANCA|2|FD|262,08|0|1|010|1411||262,08|12|31,45|513,26|18|60,93||03||0|0|0|||||||||||||110301001|0|
|C170|2|000066         02|ALG. SANFONADO(50GRX48)|1|FD|128,64|0|1|010|1411||128,64|12|15,44|251,92|18|29,91||03||0|0|0|||||||||||||110301001|0|
|C190|010|1411|12|481,56|390,72|46,89|765,18|90,84|0|0||
|C100|0|1|SA10201150401|55|00|050|54657|31241218468199000304550500000546571126286922|22012025|22012025|298,24|2|21,82|0|259,68|9|0|0|0|259,68|31,16|508,55|60,38|0|||||
|C170|1|000030         02|ALG. BOLA(50GRX48)BRANCA|1|FD|131,04|11,01|1|010|1411||131,04|12|15,72|256,63|18|30,48||03||0|0|0|||||||||||||110301001|0|
|C170|2|000066         02|ALG. SANFONADO(50GRX48)|1|FD|128,64|10,81|1|010|1411||128,64|12|15,44|251,92|18|29,9||03||0|0|0|||||||||||||110301001|0|
|C190|010|1411|12|298,24|259,68|31,16|508,55|60,38|0|0||
|C100|0|1|SA10201150301|55|00|050|78806|31241218468199000223550500000788061129915496|17122024|22012025|150,5|2|11,01|0|131,04|9|0|0|0|131,04|15,72|256,63|30,47|0|||||
|C170|1|000030         02|ALG. BOLA(50GRX48)BRANCA|1|FD|131,04|11,01|1|010|1411||131,04|12|15,72|256,63|18|30,47||03||0|0|0|||||||||||||110301001|0|
|C190|010|1411|12|150,5|131,04|15,72|256,63|30,47|0|0||
|C100|0|1|SA10201150601|55|00|050|89371|31241218468199000576550500000893711138577023|18122024|22012025|801,62|2|0|0|650,4|9|0|0|0|650,4|78,05|1273,74|151,22|0|||||
|C170|1|000030         02|ALG. BOLA(50GRX48)BRANCA|3|FD|393,12|0|1|010|1411||393,12|12|47,17|769,88|18|91,4||03||0|0|0|||||||||||||110301001|0|
|C170|2|000066         02|ALG. SANFONADO(50GRX48)|2|FD|257,28|0|1|010|1411||257,28|12|30,88|503,86|18|59,82||03||0|0|0|||||||||||||110301001|0|
|C190|010|1411|12|801,62|650,4|78,05|1273,74|151,22|0|0||
|C100|0|1|SA10201150501|55|00|050|93693|31241218468199000495550500000936931115123325|16122024|22012025|301|2|22,01|0|262,08|9|0|0|0|262,08|31,45|513,25|60,93|0|||||
|C170|1|000030         02|ALG. BOLA(50GRX48)BRANCA|2|FD|262,08|22,01|1|010|1411||262,08|12|31,45|513,25|18|60,93||03||0|0|0|||||||||||||110301001|0|
|C190|010|1411|12|301|262,08|31,45|513,25|60,93|0|0||
|C100|0|1|SA20200072601|55|00|001|126962|35250102120411000146550010001269621220722273|21012025|22012025|162600,47|2|0|0|162535,57|9|0|0|0|62838,6|7540,61|0|0|64,9|||||
|C170|1|000007         02|HASTES FLEX.(120UNDX100)COTTON LINE.|15|CX|2745|0|1|000|2152||1061,25|12|127,35|0|0|0||03||0|0|0|||||||||||||110301001|0|
|C170|2|000008         02|HASTES FLEX.(75UNX60)C.LINE C/V SHIR|122|CX|8271,6|0|1|000|2152||3197,92|12|383,75|0|0|0||03||0|0|0|||||||||||||110301001|0|
|C170|3|000012         02|CURAT. ANTIS.(35UNDX60)BEGE|39|CX|8985,6|0|1|000|2152||3473,96|12|416,87|0|0|0||03||0|0|0|||||||||||||110301001|0|
|C170|4|000024         02|HASTES FLEX.(75UNX60)C.LINE PROM C/V SHIR|45|CX|3051|0|1|000|2152||1179,56|12|141,55|0|0|0||03||0|0|0|||||||||||||110301001|0|
|C170|5|000029         02|ALG. BOLA (50GRX48)COLORIDA.|6|FD|789,12|0|1|000|2152||305,08|12|36,61|0|0|0||03||0|0|0|||||||||||||110301001|0|
|C170|6|000030         02|ALG. BOLA(50GRX48)BRANCA|82|FD|10745,28|0|1|000|2152||4154,28|12|498,52|0|0|0||03||0|0|0|||||||||||||110301001|0|
|C170|7|000032         02|HASTES FLEX.(280UNDX60)COTTON LINE|41|CX|9840|0|1|000|2152||3804,28|12|456,51|0|0|0||03||0|0|0|||||||||||||110301001|0|
|C170|8|000038         02|ALG. BOLA(95GRX24)COLORIDA|6|FD|712,8|0|1|000|2152||275,57|12|33,07|0|0|0||03||0|0|0|||||||||||||110301001|0|
|C170|9|000039         02|ALG. BOLA (95GRX24)BRANCA|3|FD|349,29|0|1|000|2152||135,04|12|16,2|0|0|0||03||0|0|0|||||||||||||110301001|0|
|C170|10|000053         02|HASTES FLEX.(75UNX60)C.LINE S/V SHIR|78|CX|5054,4|0|1|000|2152||1954,1|12|234,5|0|0|0||03||0|0|0|||||||||||||110301001|0|
|C170|11|000063         02|ALG. SANFONADO(25GRX96).|41|FD|5313,6|0|1|000|2152||2054,31|12|246,51|0|0|0||03||0|0|0|||||||||||||110301001|0|
|C170|12|000064         02|ALG. QUADRADINHO(40GRX60)|2|FD|343,2|0|1|000|2152||132,68|12|15,93|0|0|0||03||0|0|0|||||||||||||110301001|0|
|C170|13|000069         02|ALG. QUADRADINHO(95GRX48)|2|FD|549,44|0|1|000|2152||212,42|12|25,49|0|0|0||03||0|0|0|||||||||||||110301001|0|
|C170|14|000071         02|ALG. BOLA(40GRX60)BRANCA|9|FD|1166,4|0|1|000|2152||450,94|12|54,11|0|0|0||03||0|0|0|||||||||||||110301001|0|
|C170|15|000072         02|ALG. BOLA(40GRX60)COLORIDA|2|FD|259,2|0|1|000|2152||100,21|12|12,02|0|0|0||03||0|0|0|||||||||||||110301001|0|
|C170|16|000102         02|ALGODAO HIDROF. (25GRX60)|208|CX|18220,8|0|1|000|2152||7044,42|12|845,33|0|0|0||03||0|0|0|||||||||||||110301001|0|
|C170|17|000103         02|ALGODAO HIDROF. (50GRX30)|62|CX|5338,2|0|1|000|2152||2063,82|12|247,66|0|0|0||03||0|0|0|||||||||||||110301001|0|
|C170|18|000463         02|CURAT. ANTIS.(35UNDX60)TRANSP.|46|CX|10598,4|0|1|000|2152||4097,49|12|491,7|0|0|0||03||0|0|0|||||||||||||110301001|0|
|C170|19|001338         02|HASTES FLEX.(75UNX60)C.LINE PROM S/V|171|CX|11593,8|0|1|000|2152||4482,33|12|537,87|0|0|0||03||0|0|0|||||||||||||110301001|0|
|C170|20|001765         02|REFIL - (70UNID.X24)LENCO UMD.|2|CX|88,32|0|1|000|2152||34,14|12|4,1|0|0|0|0|03||88,32|3,25|2,87|||||||||||||110301001|0|
|C170|21|001766         02|LENCO UMD.(70UNX12)POTE ROSA|2|FD|61,68|0|1|000|2152||23,84|12|2,86|0|0|0|0|03||61,68|3,25|2|||||||||||||110301001|0|
|C170|22|001767         02|LENCO UMD.(70UNX12)POTE AZUL|2|FD|61,68|0|1|000|2152||23,84|12|2,86|0|0|0|0|03||61,68|3,25|2,01|||||||||||||110301001|0|
|C170|23|002774         02|LENCO UMD.(70UNX12)POTE AMARELO|1|FD|30,84|0|1|000|2152||11,92|12|1,43|0|0|0|0|03||30,84|3,25|1|||||||||||||110301001|0|
|C170|24|004302         02|HASTES FLEX.(150UNDX30)COT.LINE C/V SHIR.|86|CX|5547|0|1|000|2152||2144,55|12|257,34|0|0|0||03||0|0|0|||||||||||||110301001|0|
|C170|25|004664         02|HASTES FLEX.(150UNDX30)COT.LINE S/V SHIR|20|CX|1254|0|1|000|2152||484,81|12|58,18|0|0|0||03||0|0|0|||||||||||||110301001|0|
|C170|26|004770         02|CURAT. ANTIS.(10UNDX120)TRANSP.|44|CX|8606,4|0|1|000|2152||3327,35|12|399,28|0|0|0||03||0|0|0|||||||||||||110301001|0|
|C170|27|005829         02|ALG. BOLA (30GRX80)BRANCA|60|FD|8208|0|1|000|2152||3173,33|12|380,8|0|0|0||03||0|0|0|||||||||||||110301001|0|
|C170|28|005830         02|ALG. BOLA(30GRX80)COLORIDO|16|FD|2188,8|0|1|000|2152||846,22|12|101,55|0|0|0||03||0|0|0|||||||||||||110301001|0|
|C170|29|005928         02|CURAT. ANTIS.(10UNDX120)BEGE|47|CX|9193,2|0|1|000|2152||3554,22|12|426,51|0|0|0||03||0|0|0|||||||||||||110301001|0|
|C170|30|005984         02|HASTES FLEX.(80 UNID.X150)COTTON LINE|1|CX|202,5|0|1|000|2152||78,28|12|9,39|0|0|0||03||0|0|0|||||||||||||110301001|0|
|C170|31|008682         02|HASTES FLEX.(75UNX60)B.CARE GIRL SHIR|14|CX|930,3|0|1|000|2152||359,66|12|43,16|0|0|0||03||0|0|0|||||||||||||110301001|0|
|C170|32|008683         02|HASTES FLEX.(75UNX60)B.CARE BOY SHIR|15|CX|1017|0|1|000|2152||393,18|12|47,18|0|0|0||03||0|0|0|||||||||||||110301001|0|
|C170|33|008736         02|TOALHAS(48UNDX12)BABY CARE BICHOS|49|CX|1599,36|0|1|000|2152||618,33|12|74,2|0|0|0|0|03||1599,36|3,25|51,98|||||||||||||110301001|0|
|C170|34|010008         02|ABS HIG.(08UNX60)C/ABAS SUAVE SHR 5X12|26|CX|2480,4|0|1|000|2152||958,95|12|115,07|0|0|0||03||0|0|0|||||||||||||110301001|0|
|C170|35|010009         02|ABS HIG.(08UNX60)C/ABAS SECA SHR 5X12|2|CX|222|0|1|000|2152||85,82|12|10,3|0|0|0||03||0|0|0|||||||||||||110301001|0|
|C170|36|010010         02|ABS HIG.(08UNX60)S/ABAS SUAVE SHR 5X12|6|CX|558|0|1|000|2152||215,73|12|25,89|0|0|0||03||0|0|0|||||||||||||110301001|0|
|C170|37|010011         02|ABS HIG.(08UNX60)S/ABAS SECA SHR 5X12|1|CX|109,2|0|1|000|2152||42,21|12|5,06|0|0|0||03||0|0|0|||||||||||||110301001|0|
|C170|38|010037         02|HASTES FLEX.(75UNX60)BIODEGRADAVEL C/V SHR|96|CX|6508,8|0|1|000|2152||2516,39|12|301,97|0|0|0||03||0|0|0|||||||||||||110301001|0|
|C170|39|010362         02|TOALHA(96UNDX6)FUNDO DO MAR|5|CX|155|0|1|000|2152||59,92|12|7,19|0|0|0|0|03||155|3,25|5,04|||||||||||||110301001|0|
|C170|40|013564         02|CURAT.ANTIS.(24UNDX60)DRAGON RANGERS SORT.|1|CX|230,4|0|1|000|2152||89,07|12|10,69|0|0|0||03||0|0|0|||||||||||||110301001|0|
|C170|41|013983         02|ABS HIG.(16UNX30)C/ABAS SUAVE SHR 5X6 LEVE MAIS PG MENOS|5|CX|462|0|1|000|2152||178,61|12|21,43|0|0|0||03||0|0|0|||||||||||||110301001|0|
|C170|42|013984         02|ABS HIG.(16UNX30)S/ABAS SUAVE SHR 5X6 LEVE MAIS PG MENOS|3|CX|270,9|0|1|000|2152||104,73|12|12,56|0|0|0||03||0|0|0|||||||||||||110301001|0|
|C170|43|014109         02|CURAT.ANTIS.(24UNDX60)HORRIPILANTES|5|CX|1152|0|1|000|2152||445,37|12|53,45|0|0|0||03||0|0|0|||||||||||||110301001|0|
|C170|44|DC2018         02|ALG.(30GRX48)POTE DISCO LIMP.FACIAL|1|CX|194,88|0|1|000|2152||75,34|12|9,04|0|0|0||03||0|0|0|||||||||||||110301001|0|
|C170|45|PT1016         02|HASTES FLEX.(150UNX48)POTE C.LINE DIA  A DIA|38|CX|6438,72|0|1|000|2152||2489,3|12|298,72|0|0|0||03||0|0|0|||||||||||||110301001|0|
|C170|46|PT8738         02|HASTES FLEX.(150UNX48)POTE B.CARE GIRL|3|CX|498,18|0|1|000|2152||192,6|12|23,11|0|0|0||03||0|0|0|||||||||||||110301001|0|
|C170|47|PT8740         02|HASTES FLEX.(150UNX48)POTE DEMAQUILANTE|2|CX|338,88|0|1|000|2152||131,23|12|15,74|0|0|0||03||0|0|0|||||||||||||110301001|0|
|C190|000|2152|12|162600,47|62838,6|7540,61|0|0|0|64,9||
|C100|0|1|SA10200558601|55|00|109|2256817|42250181433765002322551090022568171399896190|08012025|22012025|876|2|0|0|876|9|0|0|0|876|105,12|0|0|0|||||
|C170|1|000102         02|ALGODAO HIDROF. (25GRX60)|10|CX|876|0|1|000|2202||876|12|105,12|0|0|0||||0|0|0|||||||||||||110301001|0|
|C190|000|2202|12|876|876|105,12|0|0|0|0||
|C100|0|1|SA20200072601|55|00|001|126974|35250102120411000146550010001269741959925268|22012025|23012025|148242,95|2|0|0|148049,06|9|0|0|0|54750,4|6570,03|0|0|193,89|||||
|C170|1|000007         02|HASTES FLEX.(120UNDX100)COTTON LINE.|20|CX|3620|0|1|000|2152||1338,72|12|160,64|0|0|0||03||0|0|0|||||||||||||110301001|0|
|C170|2|000008         02|HASTES FLEX.(75UNX60)C.LINE C/V SHIR|882|CX|57153,6|0|1|000|2152||21136,11|12|2536,33|0|0|0||03||0|0|0|||||||||||||110301001|0|
|C170|3|000012         02|CURAT. ANTIS.(35UNDX60)BEGE|21|CX|4384,8|0|1|000|2152||1621,55|12|194,59|0|0|0||03||0|0|0|||||||||||||110301001|0|
|C170|4|000024         02|HASTES FLEX.(75UNX60)C.LINE PROM C/V SHIR|50|CX|3510|0|1|000|2152||1298,04|12|155,77|0|0|0||03||0|0|0|||||||||||||110301001|0|
|C170|5|000030         02|ALG. BOLA(50GRX48)BRANCA|19|FD|2362,08|0|1|000|2152||873,52|12|104,82|0|0|0||03||0|0|0|||||||||||||110301001|0|
|C170|6|000032         02|HASTES FLEX.(280UNDX60)COTTON LINE|20|CX|4560|0|1|000|2152||1686,34|12|202,36|0|0|0||03||0|0|0|||||||||||||110301001|0|
|C170|7|000039         02|ALG. BOLA (95GRX24)BRANCA|35|FD|4191,6|0|1|000|2152||1550,1|12|186,01|0|0|0||03||0|0|0|||||||||||||110301001|0|
|C170|8|000053         02|HASTES FLEX.(75UNX60)C.LINE S/V SHIR|4|CX|256,8|0|1|000|2152||94,96|12|11,4|0|0|0||03||0|0|0|||||||||||||110301001|0|
|C170|9|000063         02|ALG. SANFONADO(25GRX96).|5|FD|648|0|1|000|2152||239,63|12|28,76|0|0|0||03||0|0|0|||||||||||||110301001|0|
|C170|10|000064         02|ALG. QUADRADINHO(40GRX60)|4|FD|686,4|0|1|000|2152||253,83|12|30,45|0|0|0||03||0|0|0|||||||||||||110301001|0|
|C170|11|000066         02|ALG. SANFONADO(50GRX48)|37|FD|4759,68|0|1|000|2152||1760,18|12|211,22|0|0|0||03||0|0|0|||||||||||||110301001|0|
|C170|12|000068         02|ALG. ESPONJA(100GRX48)|10|FD|2985,6|0|1|000|2152||1104,11|12|132,5|0|0|0||03||0|0|0|||||||||||||110301001|0|
|C170|13|000071         02|ALG. BOLA(40GRX60)BRANCA|70|FD|9072|0|1|000|2152||3354,93|12|402,59|0|0|0||03||0|0|0|||||||||||||110301001|0|
|C170|14|000099         02|LENCO UMD.(40UNX12)POTE ROSA|20|FD|386,4|0|1|000|2152||142,89|12|17,14|0|0|0|0|03||386,4|3,25|12,56|||||||||||||110301001|0|
|C170|15|000102         02|ALGODAO HIDROF. (25GRX60)|84|CX|7358,4|0|1|000|2152||2721,22|12|326,54|0|0|0||03||0|0|0|||||||||||||110301001|0|
|C170|16|000103         02|ALGODAO HIDROF. (50GRX30)|30|CX|2583|0|1|000|2152||955,22|12|114,63|0|0|0||03||0|0|0|||||||||||||110301001|0|
|C170|17|000463         02|CURAT. ANTIS.(35UNDX60)TRANSP.|6|CX|1382,4|0|1|000|2152||511,22|12|61,35|0|0|0||03||0|0|0|||||||||||||110301001|0|
|C170|18|001764         02|REFIL - (400UNID.X6)LENCO UMD.|1|CX|60,42|0|1|000|2152||22,34|12|2,68|0|0|0|0|03||60,42|3,25|1,96|||||||||||||110301001|0|
|C170|19|001765         02|REFIL - (70UNID.X24)LENCO UMD.|6|CX|246,24|0|1|000|2152||91,06|12|10,93|0|0|0|0|03||246,24|3,25|8|||||||||||||110301001|0|
|C170|20|001766         02|LENCO UMD.(70UNX12)POTE ROSA|8|FD|249,6|0|1|000|2152||92,3|12|11,07|0|0|0|0|03||249,6|3,25|8,12|||||||||||||110301001|0|
|C170|21|001767         02|LENCO UMD.(70UNX12)POTE AZUL|13|FD|400,92|0|1|000|2152||148,26|12|17,79|0|0|0|0|03||400,92|3,25|13,02|||||||||||||110301001|0|
|C170|22|001768         02|LENCO UMD.(400UNX2)BALDE  AZUL|9|FD|201,06|0|1|000|2152||74,35|12|8,93|0|0|0|0|03||201,06|3,25|6,54|||||||||||||110301001|0|
|C170|23|001769         02|LENCO UMD.(400UNX2)BALDE ROSA|6|FD|134,04|0|1|000|2152||49,56|12|5,94|0|0|0|0|03||134,04|3,25|4,35|||||||||||||110301001|0|
|C170|24|002573         02|LENCO UMD.(400UNX2)BALDE AMARELO|4|FD|90,24|0|1|000|2152||33,37|12|4,01|0|0|0|0|03||90,24|3,25|2,94|||||||||||||110301001|0|
|C170|25|004302         02|HASTES FLEX.(150UNDX30)COT.LINE C/V SHIR.|24|CX|1548|0|1|000|2152||572,46|12|68,69|0|0|0||03||0|0|0|||||||||||||110301001|0|
|C170|26|004664         02|HASTES FLEX.(150UNDX30)COT.LINE S/V SHIR|15|CX|949,5|0|1|000|2152||351,13|12|42,14|0|0|0||03||0|0|0|||||||||||||110301001|0|
|C170|27|004770         02|CURAT. ANTIS.(10UNDX120)TRANSP.|17|CX|3325,2|0|1|000|2152||1229,7|12|147,56|0|0|0||03||0|0|0|||||||||||||110301001|0|
|C170|28|005829         02|ALG. BOLA (30GRX80)BRANCA|12|FD|1641,6|0|1|000|2152||607,08|12|72,85|0|0|0||03||0|0|0|||||||||||||110301001|0|
|C170|29|005830         02|ALG. BOLA(30GRX80)COLORIDO|4|FD|547,2|0|1|000|2152||202,36|12|24,28|0|0|0||03||0|0|0|||||||||||||110301001|0|
|C170|30|005928         02|CURAT. ANTIS.(10UNDX120)BEGE|36|CX|6825,6|0|1|000|2152||2524,19|12|302,9|0|0|0||03||0|0|0|||||||||||||110301001|0|
|C170|31|008665         02|LENCO UMD.(70UNX12)POTE LILAS|5|FD|154,2|0|1|000|2152||57,02|12|6,85|0|0|0|0|03||154,2|3,25|5,01|||||||||||||110301001|0|
|C170|32|008681         02|ALGODAO HIDROF. (250GRX24)|1|FD|225,12|0|1|000|2152||83,25|12|9,99|0|0|0||03||0|0|0|||||||||||||110301001|0|
|C170|33|008682         02|HASTES FLEX.(75UNX60)B.CARE GIRL SHIR|36|CX|2332,8|0|1|000|2152||862,69|12|103,53|0|0|0||03||0|0|0|||||||||||||110301001|0|
|C170|34|008683         02|HASTES FLEX.(75UNX60)B.CARE BOY SHIR|14|CX|957,6|0|1|000|2152||354,13|12|42,49|0|0|0||03||0|0|0|||||||||||||110301001|0|
|C170|35|008736         02|TOALHAS(48UNDX12)BABY CARE BICHOS|78|CX|2545,92|0|1|000|2152||941,51|12|112,98|0|0|0|0|03||2545,92|3,25|82,74|||||||||||||110301001|0|
|C170|36|008737         02|TOALHAS(40UNDX12)USO FAMILY CARE|5|CX|222,6|0|1|000|2152||82,32|12|9,88|0|0|0|0|03||222,6|3,25|7,23|||||||||||||110301001|0|
|C170|37|009612         02|CURAT. ANTIS.(05UNDX100)BEGE|1|CX|154|0|1|000|2152||56,95|12|6,83|0|0|0||03||0|0|0|||||||||||||110301001|0|
|C170|38|010008         02|ABS HIG.(08UNX60)C/ABAS SUAVE SHR 5X12|21|CX|2003,4|0|1|000|2152||740,88|12|88,91|0|0|0||03||0|0|0|||||||||||||110301001|0|
|C170|39|010010         02|ABS HIG.(08UNX60)S/ABAS SUAVE SHR 5X12|10|CX|876|0|1|000|2152||323,95|12|38,87|0|0|0||03||0|0|0|||||||||||||110301001|0|
|C170|40|010037         02|HASTES FLEX.(75UNX60)BIODEGRADAVEL C/V SHR|23|CX|1559,4|0|1|000|2152||576,68|12|69,2|0|0|0||03||0|0|0|||||||||||||110301001|0|
|C170|41|010062         02|FIO DENTAL(32UNDX72)REFIL ORAL CARE COT.LINE|6|CX|2661,12|0|1|000|2152||984,11|12|118,09|0|0|0||03||0|0|0|||||||||||||110301001|0|
|C170|42|010063         02|FIO DENTAL(32UNDX48)FLIP ORAL CARE COT.LINE|2|CX|741,12|0|1|000|2152||274,07|12|32,89|0|0|0||03||0|0|0|||||||||||||110301001|0|
|C170|43|010064         02|FIO DENTAL(10UNDX72)BOLSA ORAL CARE COT.LINE|1|CX|190,8|0|1|000|2152||70,56|12|8,47|0|0|0||03||0|0|0|||||||||||||110301001|0|
|C170|44|010362         02|TOALHA(96UNDX6)FUNDO DO MAR|2|CX|64,32|0|1|000|2152||23,78|12|2,85|0|0|0|0|03||64,32|3,25|2,09|||||||||||||110301001|0|
|C170|45|013564         02|CURAT.ANTIS.(24UNDX60)DRAGON RANGERS SORT.|2|CX|465,6|0|1|000|2152||172,18|12|20,66|0|0|0||03||0|0|0|||||||||||||110301001|0|
|C170|46|013758         02|TOALHAS(24UNX36)DEMAQ.SENSITIVE CARE|6|CX|475,2|0|1|000|2152||175,73|12|21,09|0|0|0|0|03||475,2|3,25|15,45|||||||||||||110301001|0|
|C170|47|013759         02|TOALHAS(24UNX36)FEMININAS HIG INTIMA|7|CX|521,64|0|1|000|2152||192,9|12|23,15|0|0|0|0|03||521,64|3,25|16,95|||||||||||||110301001|0|
|C170|48|013760         02|TOALHAS(5X48/240UNX04)C LINE PACK PROM|5|CX|213,2|0|1|000|2152||78,84|12|9,46|0|0|0|0|03||213,2|3,25|6,93|||||||||||||110301001|0|
|C170|49|013983         02|ABS HIG.(16UNX30)C/ABAS SUAVE SHR 5X6 LEVE MAIS PG MENOS|8|CX|739,2|0|1|000|2152||273,36|12|32,81|0|0|0||03||0|0|0|||||||||||||110301001|0|
|C170|50|014109         02|CURAT.ANTIS.(24UNDX60)HORRIPILANTES|3|CX|698,4|0|1|000|2152||258,27|12|30,99|0|0|0||03||0|0|0|||||||||||||110301001|0|
|C170|51|PT10118        02|HASTES FLEX.(150UNX48)POTE BIODEG. ECOL.|6|CX|1025,28|0|1|000|2152||379,16|12|45,5|0|0|0||03||0|0|0|||||||||||||110301001|0|
|C170|52|PT1016         02|HASTES FLEX.(150UNX48)POTE C.LINE DIA  A DIA|15|CX|2412|0|1|000|2152||891,98|12|107,03|0|0|0||03||0|0|0|||||||||||||110301001|0|
|C170|53|PT8738         02|HASTES FLEX.(150UNX48)POTE B.CARE GIRL|1|CX|170,88|0|1|000|2152||63,19|12|7,58|0|0|0||03||0|0|0|||||||||||||110301001|0|
|C170|54|PT8739         02|HASTES FLEX.(150UNX48)POTE B.CARE BOY|1|CX|170,88|0|1|000|2152||63,19|12|7,59|0|0|0||03||0|0|0|||||||||||||110301001|0|
|C170|55|PT8740         02|HASTES FLEX.(150UNX48)POTE DEMAQUILANTE|1|CX|170,88|0|1|000|2152||63,19|12|7,58|0|0|0||03||0|0|0|||||||||||||110301001|0|
|C170|56|PT8741         02|HASTES FLEX.(45UNX48)POTE SAFETY C.BABY|1|CX|177,12|0|1|000|2152||65,78|12|7,89|0|0|0||03||0|0|0|||||||||||||110301001|0|
|C190|000|2152|12|148242,95|54750,4|6570,03|0|0|0|193,89||
|C100|0|1|SA20200072601|55|00|001|126975|35250102120411000146550010001269751153315592|22012025|23012025|73677,75|2|0|0|73677,75|9|0|0|0|39042,61|4685,11|0|0|0|||||
|C170|1|014502         02|ALGODAO MANTA 100 MM - 20  A 22 GR.|2545|KG|73677,75|0|1|000|2152||39042,61|12|4685,11|0|0|0||03||0|0|0|||||||||||||110301001|0|
|C190|000|2152|12|73677,75|39042,61|4685,11|0|0|0|0||
|C100|0|1|SA10201024901|01|00|003|1368||20012025|28012025|86,1|2|0|0|86,1|9|0|0|0|0|0|0|0|0|||||
|C170|1|000103         02|ALGODAO HIDROF. (50GRX30)|1|CX|86,1|0|1|000|2202||0||0|0|0|0||03||0|0|0|||||||||||||110301001|0|
|C190|000|2202||86,1|0|0|0|0|0|0||
|C100|0|1|SA20200072601|55|00|001|127000|35250102120411000146550010001270001451978870|27012025|28012025|110646,9|2|0|0|110646,9|9|0|0|0|51597|6191,64|0|0|0|||||
|C170|1|014501         02|ALGODAO MANTA 150 MM - 29  A 31 G.|3822|KG|110646,9|0|1|000|2152||51597|12|6191,64|0|0|0||03||0|0|0|||||||||||||110301001|0|
|C190|000|2152|12|110646,9|51597|6191,64|0|0|0|0||
|C100|0|1|SA20200072601|55|00|001|127001|35250102120411000146550010001270011816647395|27012025|28012025|69643,12|2|0|0|69412,32|9|0|0|0|27961,16|3355,31|0|0|230,8|||||
|C170|1|000007         02|HASTES FLEX.(120UNDX100)COTTON LINE.|6|CX|1038|0|1|000|2152||363,06|12|43,57|0|0|0||03||0|0|0|||||||||||||110301001|0|
|C170|2|000008         02|HASTES FLEX.(75UNX60)C.LINE C/V SHIR|138|CX|9356,4|0|1|000|2152||3272,65|12|392,72|0|0|0||03||0|0|0|||||||||||||110301001|0|
|C170|3|000012         02|CURAT. ANTIS.(35UNDX60)BEGE|5|CX|1152|0|1|000|2152||402,93|12|48,36|0|0|0||03||0|0|0|||||||||||||110301001|0|
|C170|4|000024         02|HASTES FLEX.(75UNX60)C.LINE PROM C/V SHIR|53|CX|3720,6|0|1|000|2152||1301,37|12|156,16|0|0|0||03||0|0|0|||||||||||||110301001|0|
|C170|5|000030         02|ALG. BOLA(50GRX48)BRANCA|21|FD|2610,72|0|1|000|2152||913,16|12|109,58|0|0|0||03||0|0|0|||||||||||||110301001|0|
|C170|6|000032         02|HASTES FLEX.(280UNDX60)COTTON LINE|2|CX|456|0|1|000|2152||159,49|12|19,14|0|0|0||03||0|0|0|||||||||||||110301001|0|
|C170|7|000038         02|ALG. BOLA(95GRX24)COLORIDA|11|FD|1317,36|0|1|000|2152||460,77|12|55,29|0|0|0||03||0|0|0|||||||||||||110301001|0|
|C170|8|000039         02|ALG. BOLA (95GRX24)BRANCA|18|FD|2155,68|0|1|000|2152||754|12|90,48|0|0|0||03||0|0|0|||||||||||||110301001|0|
|C170|9|000063         02|ALG. SANFONADO(25GRX96).|13|FD|1846,52|0|1|000|2152||645,86|12|77,5|0|0|0||03||0|0|0|||||||||||||110301001|0|
|C170|10|000064         02|ALG. QUADRADINHO(40GRX60)|8|FD|1476,4|0|1|000|2152||516,4|12|61,96|0|0|0||03||0|0|0|||||||||||||110301001|0|
|C170|11|000066         02|ALG. SANFONADO(50GRX48)|10|FD|1363,2|0|1|000|2152||476,81|12|57,22|0|0|0||03||0|0|0|||||||||||||110301001|0|
|C170|12|000068         02|ALG. ESPONJA(100GRX48)|1|FD|328,32|0|1|000|2152||114,83|12|13,78|0|0|0||03||0|0|0|||||||||||||110301001|0|
|C170|13|000069         02|ALG. QUADRADINHO(95GRX48)|6|FD|1681,92|0|1|000|2152||588,29|12|70,6|0|0|0||03||0|0|0|||||||||||||110301001|0|
|C170|14|000071         02|ALG. BOLA(40GRX60)BRANCA|9|FD|1166,4|0|1|000|2152||407,97|12|48,95|0|0|0||03||0|0|0|||||||||||||110301001|0|
|C170|15|000098         02|LENCO UMD.(40UNX12)POTE AZUL|1|FD|19,8|0|1|000|2152||17,19|12|2,07|0|0|0|0|03||19,8|3,25|0,64|||||||||||||110301001|0|
|C170|16|000099         02|LENCO UMD.(40UNX12)POTE ROSA|1|FD|19,8|0|1|000|2152||17,19|12|2,06|0|0|0|0|03||19,8|3,25|0,65|||||||||||||110301001|0|
|C170|17|000102         02|ALGODAO HIDROF. (25GRX60)|45|CX|3753|0|1|000|2152||1312,7|12|157,52|0|0|0||03||0|0|0|||||||||||||110301001|0|
|C170|18|000103         02|ALGODAO HIDROF. (50GRX30)|25|CX|2152,5|0|1|000|2152||752,89|12|90,34|0|0|0||03||0|0|0|||||||||||||110301001|0|
|C170|19|000463         02|CURAT. ANTIS.(35UNDX60)TRANSP.|18|CX|4147,2|0|1|000|2152||1450,59|12|174,07|0|0|0||03||0|0|0|||||||||||||110301001|0|
|C170|20|001764         02|REFIL - (400UNID.X6)LENCO UMD.|5|CX|281,4|0|1|000|2152||244,34|12|29,32|0|0|0|0|03||281,4|3,25|9,14|||||||||||||110301001|0|
|C170|21|001765         02|REFIL - (70UNID.X24)LENCO UMD.|3|CX|131,04|0|1|000|2152||113,78|12|13,66|0|0|0|0|03||131,04|3,25|4,26|||||||||||||110301001|0|
|C170|22|001766         02|LENCO UMD.(70UNX12)POTE ROSA|6|FD|196,56|0|1|000|2152||170,67|12|20,48|0|0|0|0|03||196,56|3,25|6,39|||||||||||||110301001|0|
|C170|23|001767         02|LENCO UMD.(70UNX12)POTE AZUL|6|FD|196,56|0|1|000|2152||170,67|12|20,48|0|0|0|0|03||196,56|3,25|6,39|||||||||||||110301001|0|
|C170|24|001768         02|LENCO UMD.(400UNX2)BALDE  AZUL|15|FD|399,3|0|1|000|2152||346,71|12|41,61|0|0|0|0|03||399,3|3,25|12,97|||||||||||||110301001|0|
|C170|25|001769         02|LENCO UMD.(400UNX2)BALDE ROSA|15|FD|355,2|0|1|000|2152||308,42|12|37,01|0|0|0|0|03||355,2|3,25|11,55|||||||||||||110301001|0|
|C170|26|004302         02|HASTES FLEX.(150UNDX30)COT.LINE C/V SHIR.|64|CX|4128|0|1|000|2152||1443,88|12|173,26|0|0|0||03||0|0|0|||||||||||||110301001|0|
|C170|27|004664         02|HASTES FLEX.(150UNDX30)COT.LINE S/V SHIR|5|CX|316,5|0|1|000|2152||110,7|12|13,28|0|0|0||03||0|0|0|||||||||||||110301001|0|
|C170|28|004770         02|CURAT. ANTIS.(10UNDX120)TRANSP.|1|CX|195,6|0|1|000|2152||68,41|12|8,2|0|0|0||03||0|0|0|||||||||||||110301001|0|
|C170|29|005928         02|CURAT. ANTIS.(10UNDX120)BEGE|1|CX|189,6|0|1|000|2152||66,31|12|7,96|0|0|0||03||0|0|0|||||||||||||110301001|0|
|C170|30|005984         02|HASTES FLEX.(80 UNID.X150)COTTON LINE|8|CX|1548|0|1|000|2152||541,45|12|64,98|0|0|0||03||0|0|0|||||||||||||110301001|0|
|C170|31|008682         02|HASTES FLEX.(75UNX60)B.CARE GIRL SHIR|15|CX|1080|0|1|000|2152||377,75|12|45,33|0|0|0||03||0|0|0|||||||||||||110301001|0|
|C170|32|008683         02|HASTES FLEX.(75UNX60)B.CARE BOY SHIR|1|CX|79,8|0|1|000|2152||27,9|12|3,34|0|0|0||03||0|0|0|||||||||||||110301001|0|
|C170|33|008736         02|TOALHAS(48UNDX12)BABY CARE BICHOS|103|CX|3114,72|0|1|000|2152||2704,53|12|324,55|0|0|0|0|03||3114,72|3,25|101,22|||||||||||||110301001|0|
|C170|34|008737         02|TOALHAS(40UNDX12)USO FAMILY CARE|3|CX|126,36|0|1|000|2152||109,71|12|13,16|0|0|0|0|03||126,36|3,25|4,11|||||||||||||110301001|0|
|C170|35|010008         02|ABS HIG.(08UNX60)C/ABAS SUAVE SHR 5X12|20|CX|1908|0|1|000|2152||667,37|12|80,08|0|0|0||03||0|0|0|||||||||||||110301001|0|
|C170|36|010009         02|ABS HIG.(08UNX60)C/ABAS SECA SHR 5X12|4|CX|525,6|0|1|000|2152||183,83|12|22,06|0|0|0||03||0|0|0|||||||||||||110301001|0|
|C170|37|010010         02|ABS HIG.(08UNX60)S/ABAS SUAVE SHR 5X12|11|CX|1036,2|0|1|000|2152||362,43|12|43,5|0|0|0||03||0|0|0|||||||||||||110301001|0|
|C170|38|010011         02|ABS HIG.(08UNX60)S/ABAS SECA SHR 5X12|2|CX|240,8|0|1|000|2152||84,22|12|10,1|0|0|0||03||0|0|0|||||||||||||110301001|0|
|C170|39|010037         02|HASTES FLEX.(75UNX60)BIODEGRADAVEL C/V SHR|88|CX|5966,4|0|1|000|2152||2086,9|12|250,43|0|0|0||03||0|0|0|||||||||||||110301001|0|
|C170|40|010064         02|FIO DENTAL(10UNDX72)BOLSA ORAL CARE COT.LINE|4|CX|784|0|1|000|2152||274,22|12|32,91|0|0|0||03||0|0|0|||||||||||||110301001|0|
|C170|41|010362         02|TOALHA(96UNDX6)FUNDO DO MAR|7|CX|223,44|0|1|000|2152||194,01|12|23,28|0|0|0|0|03||223,44|3,25|7,26|||||||||||||110301001|0|
|C170|42|013758         02|TOALHAS(24UNX36)DEMAQ.SENSITIVE CARE|1|CX|92,52|0|1|000|2152||80,33|12|9,64|0|0|0|0|03||92,52|3,25|3,01|||||||||||||110301001|0|
|C170|43|013759         02|TOALHAS(24UNX36)FEMININAS HIG INTIMA|3|CX|223,56|0|1|000|2152||194,11|12|23,29|0|0|0|0|03||223,56|3,25|7,26|||||||||||||110301001|0|
|C170|44|013760         02|TOALHAS(5X48/240UNX04)C LINE PACK PROM|3|CX|126,72|0|1|000|2152||110,03|12|13,21|0|0|0|0|03||126,72|3,25|4,12|||||||||||||110301001|0|
|C170|45|013983         02|ABS HIG.(16UNX30)C/ABAS SUAVE SHR 5X6 LEVE MAIS PG MENOS|8|CX|739,2|0|1|000|2152||258,54|12|31,02|0|0|0||03||0|0|0|||||||||||||110301001|0|
|C170|46|013984         02|ABS HIG.(16UNX30)S/ABAS SUAVE SHR 5X6 LEVE MAIS PG MENOS|6|CX|541,8|0|1|000|2152||189,5|12|22,74|0|0|0||03||0|0|0|||||||||||||110301001|0|
|C170|47|014109         02|CURAT.ANTIS.(24UNDX60)HORRIPILANTES|6|CX|1479,6|0|1|000|2152||517,52|12|62,1|0|0|0||03||0|0|0|||||||||||||110301001|0|
|C170|48|PT1016         02|HASTES FLEX.(150UNX48)POTE C.LINE DIA  A DIA|5|CX|804|0|1|000|2152||281,21|12|33,74|0|0|0||03||0|0|0|||||||||||||110301001|0|
|C170|49|PT8738         02|HASTES FLEX.(150UNX48)POTE B.CARE GIRL|5|CX|854,4|0|1|000|2152||298,84|12|35,86|0|0|0||03||0|0|0|||||||||||||110301001|0|
|C170|50|PT8739         02|HASTES FLEX.(150UNX48)POTE B.CARE BOY|1|CX|170,88|0|1|000|2152||59,76|12|7,17|0|0|0||03||0|0|0|||||||||||||110301001|0|
|C170|51|RN1015         02|TOALHAS(48UNX12)RECEM NASCIDO|28|CX|930,72|0|1|000|2152||808,15|12|96,98|0|0|0|0|03||930,72|3,25|30,25|||||||||||||110301001|0|
|C170|52|RN8738         02|TOALHAS(96UNDX06)BABY CARE RN|21|CX|664,02|0|1|000|2152||576,81|12|69,21|0|0|0|0|03||664,02|3,25|21,58|||||||||||||110301001|0|
|C190|000|2152|12|69643,12|27961,16|3355,31|0|0|0|230,8||
|C100|0|1|SA10200507201|55|00|001|287755|35250155270730000102550010002877551005755106|30012025|30012025|97,58|2|0|0|83,1|9|0|0|0|83,1|9,98|135,82|14,48|0|||||
|C170|1|010010         02|ABS HIG.(08UNX60)S/ABAS SUAVE SHR 5X12|1|CX|83,1|0|1|010|2411||83,1|12|9,98|135,82|18|14,48||03||0|0|0|||||||||||||110301001|0|
|C190|010|2411|12|97,58|83,1|9,98|135,82|14,48|0|0||
|C100|0|1|SA20200072601|55|00|001|127027|35250102120411000146550010001270271639936280|29012025|30012025|110531,1|2|0|0|110531,1|9|0|0|0|51543|6185,16|0|0|0|||||
|C170|1|014501         02|ALGODAO MANTA 150 MM - 29  A 31 G.|3818|KG|110531,1|0|1|000|2152||51543|12|6185,16|0|0|0||03||0|0|0|||||||||||||110301001|0|
|C190|000|2152|12|110531,1|51543|6185,16|0|0|0|0||
|C100|0|1|SA20200072601|55|00|001|127028|35250102120411000146550010001270281112836062|29012025|30012025|178075,89|2|0|0|177481,16|9|0|0|0|79833,9|9580,06|0|0|594,73|||||
|C170|1|000007         02|HASTES FLEX.(120UNDX100)COTTON LINE.|8|CX|1464|0|1|000|2152||658,53|12|79,03|0|0|0||03||0|0|0|||||||||||||110301001|0|
|C170|2|000008         02|HASTES FLEX.(75UNX60)C.LINE C/V SHIR|634|CX|41083,2|0|1|000|2152||18479,88|12|2217,58|0|0|0||03||0|0|0|||||||||||||110301001|0|
|C170|3|000012         02|CURAT. ANTIS.(35UNDX60)BEGE|3|CX|691,2|0|1|000|2152||310,91|12|37,31|0|0|0||03||0|0|0|||||||||||||110301001|0|
|C170|4|000024         02|HASTES FLEX.(75UNX60)C.LINE PROM C/V SHIR|90|CX|5832|0|1|000|2152||2623,32|12|314,8|0|0|0||03||0|0|0|||||||||||||110301001|0|
|C170|5|000030         02|ALG. BOLA(50GRX48)BRANCA|189|FD|23496,48|0|1|000|2152||10569,09|12|1268,29|0|0|0||03||0|0|0|||||||||||||110301001|0|
|C170|6|000032         02|HASTES FLEX.(280UNDX60)COTTON LINE|38|CX|8664|0|1|000|2152||3897,2|12|467,67|0|0|0||03||0|0|0|||||||||||||110301001|0|
|C170|7|000039         02|ALG. BOLA (95GRX24)BRANCA|24|FD|2851,2|0|1|000|2152||1282,51|12|153,9|0|0|0||03||0|0|0|||||||||||||110301001|0|
|C170|8|000063         02|ALG. SANFONADO(25GRX96).|4|FD|518,4|0|1|000|2152||233,18|12|27,98|0|0|0||03||0|0|0|||||||||||||110301001|0|
|C170|9|000064         02|ALG. QUADRADINHO(40GRX60)|3|FD|487,8|0|1|000|2152||219,42|12|26,33|0|0|0||03||0|0|0|||||||||||||110301001|0|
|C170|10|000066         02|ALG. SANFONADO(50GRX48)|1|FD|128,64|0|1|000|2152||57,86|12|6,94|0|0|0||03||0|0|0|||||||||||||110301001|0|
|C170|11|000068         02|ALG. ESPONJA(100GRX48)|2|FD|597,12|0|1|000|2152||268,59|12|32,23|0|0|0||03||0|0|0|||||||||||||110301001|0|
|C170|12|000071         02|ALG. BOLA(40GRX60)BRANCA|1|FD|129,6|0|1|000|2152||58,29|12|7|0|0|0||03||0|0|0|||||||||||||110301001|0|
|C170|13|000102         02|ALGODAO HIDROF. (25GRX60)|87|CX|7255,8|0|1|000|2152||3263,77|12|391,65|0|0|0||03||0|0|0|||||||||||||110301001|0|
|C170|14|000103         02|ALGODAO HIDROF. (50GRX30)|32|CX|2611,2|0|1|000|2152||1174,56|12|140,95|0|0|0||03||0|0|0|||||||||||||110301001|0|
|C170|15|000463         02|CURAT. ANTIS.(35UNDX60)TRANSP.|29|CX|6681,6|0|1|000|2152||3005,49|12|360,66|0|0|0||03||0|0|0|||||||||||||110301001|0|
|C170|16|001765         02|REFIL - (70UNID.X24)LENCO UMD.|80|CX|3321,6|0|1|000|2152||1494,1|12|179,29|0|0|0|0|03||3321,6|3,25|107,95|||||||||||||110301001|0|
|C170|17|001766         02|LENCO UMD.(70UNX12)POTE ROSA|110|FD|3418,8|0|1|000|2152||1537,83|12|184,54|0|0|0|0|03||3418,8|3,25|111,11|||||||||||||110301001|0|
|C170|18|001767         02|LENCO UMD.(70UNX12)POTE AZUL|134|FD|4164,72|0|1|000|2152||1873,35|12|224,8|0|0|0|0|03||4164,72|3,25|135,36|||||||||||||110301001|0|
|C170|19|001768         02|LENCO UMD.(400UNX2)BALDE  AZUL|2|FD|42,44|0|1|000|2152||19,09|12|2,29|0|0|0|0|03||42,44|3,25|1,38|||||||||||||110301001|0|
|C170|20|001769         02|LENCO UMD.(400UNX2)BALDE ROSA|2|FD|42,44|0|1|000|2152||19,09|12|2,29|0|0|0|0|03||42,44|3,25|1,37|||||||||||||110301001|0|
|C170|21|004302         02|HASTES FLEX.(150UNDX30)COT.LINE C/V SHIR.|153|CX|9868,5|0|1|000|2152||4439,01|12|532,68|0|0|0||03||0|0|0|||||||||||||110301001|0|
|C170|22|004770         02|CURAT. ANTIS.(10UNDX120)TRANSP.|10|CX|2004|0|1|000|2152||901,43|12|108,17|0|0|0||03||0|0|0|||||||||||||110301001|0|
|C170|23|005829         02|ALG. BOLA (30GRX80)BRANCA|4|FD|521,6|0|1|000|2152||234,62|12|28,15|0|0|0||03||0|0|0|||||||||||||110301001|0|
|C170|24|005928         02|CURAT. ANTIS.(10UNDX120)BEGE|1|CX|195,6|0|1|000|2152||87,98|12|10,56|0|0|0||03||0|0|0|||||||||||||110301001|0|
|C170|25|005984         02|HASTES FLEX.(80 UNID.X150)COTTON LINE|22|CX|4257|0|1|000|2152||1914,86|12|229,78|0|0|0||03||0|0|0|||||||||||||110301001|0|
|C170|26|008682         02|HASTES FLEX.(75UNX60)B.CARE GIRL SHIR|2|CX|129,6|0|1|000|2152||58,29|12|6,99|0|0|0||03||0|0|0|||||||||||||110301001|0|
|C170|27|008736         02|TOALHAS(48UNDX12)BABY CARE BICHOS|202|CX|6108,48|0|1|000|2152||2747,69|12|329,73|0|0|0|0|03||6108,48|3,25|198,53|||||||||||||110301001|0|
|C170|28|009612         02|CURAT. ANTIS.(05UNDX100)BEGE|1|CX|127|0|1|000|2152||57,12|12|6,85|0|0|0||03||0|0|0|||||||||||||110301001|0|
|C170|29|010008         02|ABS HIG.(08UNX60)C/ABAS SUAVE SHR 5X12|309|CX|27624,6|0|1|000|2152||12425,99|12|1491,12|0|0|0||03||0|0|0|||||||||||||110301001|0|
|C170|30|010010         02|ABS HIG.(08UNX60)S/ABAS SUAVE SHR 5X12|91|CX|7971,6|0|1|000|2152||3585,75|12|430,29|0|0|0||03||0|0|0|||||||||||||110301001|0|
|C170|31|010037         02|HASTES FLEX.(75UNX60)BIODEGRADAVEL C/V SHR|2|CX|135,6|0|1|000|2152||60,99|12|7,31|0|0|0||03||0|0|0|||||||||||||110301001|0|
|C170|32|013758         02|TOALHAS(24UNX36)DEMAQ.SENSITIVE CARE|6|CX|479,52|0|1|000|2152||215,69|12|25,89|0|0|0|0|03||479,52|3,25|15,58|||||||||||||110301001|0|
|C170|33|013760         02|TOALHAS(5X48/240UNX04)C LINE PACK PROM|17|CX|689,52|0|1|000|2152||310,15|12|37,22|0|0|0|0|03||689,52|3,25|22,41|||||||||||||110301001|0|
|C170|34|013983         02|ABS HIG.(16UNX30)C/ABAS SUAVE SHR 5X6 LEVE MAIS PG MENOS|26|CX|2386,8|0|1|000|2152||1073,62|12|128,83|0|0|0||03||0|0|0|||||||||||||110301001|0|
|C170|35|013984         02|ABS HIG.(16UNX30)S/ABAS SUAVE SHR 5X6 LEVE MAIS PG MENOS|12|CX|1076,4|0|1|000|2152||484,18|12|58,1|0|0|0||03||0|0|0|||||||||||||110301001|0|
|C170|36|014109         02|CURAT.ANTIS.(24UNDX60)HORRIPILANTES|1|CX|230,4|0|1|000|2152||103,63|12|12,44|0|0|0||03||0|0|0|||||||||||||110301001|0|
|C170|37|PT1016         02|HASTES FLEX.(150UNX48)POTE C.LINE DIA  A DIA|1|CX|160,8|0|1|000|2152||72,33|12|8,68|0|0|0||03||0|0|0|||||||||||||110301001|0|
|C170|38|RN1015         02|TOALHAS(48UNX12)RECEM NASCIDO|1|CX|31,9|0|1|000|2152||14,51|12|1,74|0|0|0|0|03||31,9|3,25|1,04|||||||||||||110301001|0|
|C190|000|2152|12|178075,89|79833,9|9580,06|0|0|0|594,73||
|C100|0|1|SA20200072601|55|00|001|127031|35250102120411000146550010001270311177566600|30012025|31012025|116365,01|2|0|0|116192,34|9|0|0|0|48606,83|5832,82|0|0|172,67|||||
|C170|1|000007         02|HASTES FLEX.(120UNDX100)COTTON LINE.|6|CX|1098|0|1|000|2152||459,32|12|55,12|0|0|0||03||0|0|0|||||||||||||110301001|0|
|C170|2|000008         02|HASTES FLEX.(75UNX60)C.LINE C/V SHIR|66|CX|4474,8|0|1|000|2152||1871,94|12|224,64|0|0|0||03||0|0|0|||||||||||||110301001|0|
|C170|3|000012         02|CURAT. ANTIS.(35UNDX60)BEGE|8|CX|1843,2|0|1|000|2152||771,06|12|92,52|0|0|0||03||0|0|0|||||||||||||110301001|0|
|C170|4|000024         02|HASTES FLEX.(75UNX60)C.LINE PROM C/V SHIR|45|CX|3051|0|1|000|2152||1276,32|12|153,16|0|0|0||03||0|0|0|||||||||||||110301001|0|
|C170|5|000030         02|ALG. BOLA(50GRX48)BRANCA|54|FD|7076,16|0|1|000|2152||2960,17|12|355,22|0|0|0||03||0|0|0|||||||||||||110301001|0|
|C170|6|000032         02|HASTES FLEX.(280UNDX60)COTTON LINE|7|CX|1680|0|1|000|2152||702,79|12|84,33|0|0|0||03||0|0|0|||||||||||||110301001|0|
|C170|7|000038         02|ALG. BOLA(95GRX24)COLORIDA|1|FD|118,8|0|1|000|2152||49,69|12|5,97|0|0|0||03||0|0|0|||||||||||||110301001|0|
|C170|8|000039         02|ALG. BOLA (95GRX24)BRANCA|12|FD|1425,6|0|1|000|2152||596,37|12|71,56|0|0|0||03||0|0|0|||||||||||||110301001|0|
|C170|9|000063         02|ALG. SANFONADO(25GRX96).|9|FD|1166,4|0|1|000|2152||487,94|12|58,55|0|0|0||03||0|0|0|||||||||||||110301001|0|
|C170|10|000064         02|ALG. QUADRADINHO(40GRX60)|11|FD|1887,6|0|1|000|2152||789,64|12|94,76|0|0|0||03||0|0|0|||||||||||||110301001|0|
|C170|11|000066         02|ALG. SANFONADO(50GRX48)|1|FD|141,6|0|1|000|2152||59,23|12|7,1|0|0|0||03||0|0|0|||||||||||||110301001|0|
|C170|12|000068         02|ALG. ESPONJA(100GRX48)|1|FD|333,12|0|1|000|2152||139,35|12|16,72|0|0|0||03||0|0|0|||||||||||||110301001|0|
|C170|13|000071         02|ALG. BOLA(40GRX60)BRANCA|38|FD|4924,8|0|1|000|2152||2060,19|12|247,23|0|0|0||03||0|0|0|||||||||||||110301001|0|
|C170|14|000098         02|LENCO UMD.(40UNX12)POTE AZUL|1|FD|20,76|0|1|000|2152||8,68|12|1,04|0|0|0|0|03||20,76|3,25|0,67|||||||||||||110301001|0|
|C170|15|000099         02|LENCO UMD.(40UNX12)POTE ROSA|1|FD|20,76|0|1|000|2152||8,68|12|1,04|0|0|0|0|03||20,76|3,25|0,68|||||||||||||110301001|0|
|C170|16|000102         02|ALGODAO HIDROF. (25GRX60)|88|CX|7708,8|0|1|000|2152||3224,82|12|386,98|0|0|0||03||0|0|0|||||||||||||110301001|0|
|C170|17|000103         02|ALGODAO HIDROF. (50GRX30)|32|CX|2755,2|0|1|000|2152||1152,58|12|138,3|0|0|0||03||0|0|0|||||||||||||110301001|0|
|C170|18|000463         02|CURAT. ANTIS.(35UNDX60)TRANSP.|20|CX|4608|0|1|000|2152||1927,66|12|231,32|0|0|0||03||0|0|0|||||||||||||110301001|0|
|C170|19|001338         02|HASTES FLEX.(75UNX60)C.LINE PROM S/V|75|CX|5085|0|1|000|2152||2127,21|12|255,27|0|0|0||03||0|0|0|||||||||||||110301001|0|
|C170|20|001764         02|REFIL - (400UNID.X6)LENCO UMD.|1|CX|53,28|0|1|000|2152||22,28|12|2,67|0|0|0|0|03||53,28|3,25|1,73|||||||||||||110301001|0|
|C170|21|001766         02|LENCO UMD.(70UNX12)POTE ROSA|8|FD|245,76|0|1|000|2152||102,8|12|12,34|0|0|0|0|03||245,76|3,25|7,99|||||||||||||110301001|0|
|C170|22|001767         02|LENCO UMD.(70UNX12)POTE AZUL|5|FD|153,6|0|1|000|2152||64,25|12|7,71|0|0|0|0|03||153,6|3,25|4,99|||||||||||||110301001|0|
|C170|23|002867         02|LENCO UMD.(40UNX12)POTE AMARELO|1|FD|20,76|0|1|000|2152||8,68|12|1,04|0|0|0|0|03||20,76|3,25|0,67|||||||||||||110301001|0|
|C170|24|004302         02|HASTES FLEX.(150UNDX30)COT.LINE C/V SHIR.|95|CX|6127,5|0|1|000|2152||2563,32|12|307,6|0|0|0||03||0|0|0|||||||||||||110301001|0|
|C170|25|004304         02|ALGODAO HIDROF. (500GRX12)|12|FD|2548,8|0|1|000|2152||1066,24|12|127,94|0|0|0||03||0|0|0|||||||||||||110301001|0|
|C170|26|004664         02|HASTES FLEX.(150UNDX30)COT.LINE S/V SHIR|1|CX|62,7|0|1|000|2152||26,22|12|3,15|0|0|0||03||0|0|0|||||||||||||110301001|0|
|C170|27|004770         02|CURAT. ANTIS.(10UNDX120)TRANSP.|13|CX|2542,8|0|1|000|2152||1063,73|12|127,65|0|0|0||03||0|0|0|||||||||||||110301001|0|
|C170|28|005829         02|ALG. BOLA (30GRX80)BRANCA|36|FD|4924,8|0|1|000|2152||2060,19|12|247,22|0|0|0||03||0|0|0|||||||||||||110301001|0|
|C170|29|005830         02|ALG. BOLA(30GRX80)COLORIDO|1|FD|136,8|0|1|000|2152||57,22|12|6,87|0|0|0||03||0|0|0|||||||||||||110301001|0|
|C170|30|005928         02|CURAT. ANTIS.(10UNDX120)BEGE|9|CX|1760,4|0|1|000|2152||736,42|12|88,37|0|0|0||03||0|0|0|||||||||||||110301001|0|
|C170|31|005984         02|HASTES FLEX.(80 UNID.X150)COTTON LINE|1|CX|202,5|0|1|000|2152||84,71|12|10,17|0|0|0||03||0|0|0|||||||||||||110301001|0|
|C170|32|008681         02|ALGODAO HIDROF. (250GRX24)|12|FD|2675,52|0|1|000|2152||1119,25|12|134,31|0|0|0||03||0|0|0|||||||||||||110301001|0|
|C170|33|008682         02|HASTES FLEX.(75UNX60)B.CARE GIRL SHIR|10|CX|678|0|1|000|2152||283,62|12|34,03|0|0|0||03||0|0|0|||||||||||||110301001|0|
|C170|34|008736         02|TOALHAS(48UNDX12)BABY CARE BICHOS|66|CX|2154,24|0|1|000|2152||901,18|12|108,14|0|0|0|0|03||2154,24|3,25|70,01|||||||||||||110301001|0|
|C170|35|010008         02|ABS HIG.(08UNX60)C/ABAS SUAVE SHR 5X12|45|CX|4293|0|1|000|2152||1795,89|12|215,5|0|0|0||03||0|0|0|||||||||||||110301001|0|
|C170|36|010009         02|ABS HIG.(08UNX60)C/ABAS SECA SHR 5X12|10|CX|1110|0|1|000|2152||464,34|12|55,72|0|0|0||03||0|0|0|||||||||||||110301001|0|
|C170|37|010010         02|ABS HIG.(08UNX60)S/ABAS SUAVE SHR 5X12|28|CX|2604|0|1|000|2152||1089,33|12|130,72|0|0|0||03||0|0|0|||||||||||||110301001|0|
|C170|38|010011         02|ABS HIG.(08UNX60)S/ABAS SECA SHR 5X12|13|CX|1419,6|0|1|000|2152||593,86|12|71,27|0|0|0||03||0|0|0|||||||||||||110301001|0|
|C170|39|010037         02|HASTES FLEX.(75UNX60)BIODEGRADAVEL C/V SHR|70|CX|4746|0|1|000|2152||1985,39|12|238,25|0|0|0||03||0|0|0|||||||||||||110301001|0|
|C170|40|010062         02|FIO DENTAL(32UNDX72)REFIL ORAL CARE COT.LINE|1|CX|440,64|0|1|000|2152||184,33|12|22,11|0|0|0||03||0|0|0|||||||||||||110301001|0|
|C170|41|010063         02|FIO DENTAL(32UNDX48)FLIP ORAL CARE COT.LINE|3|CX|1100,16|0|1|000|2152||460,23|12|55,23|0|0|0||03||0|0|0|||||||||||||110301001|0|
|C170|42|010064         02|FIO DENTAL(10UNDX72)BOLSA ORAL CARE COT.LINE|6|CX|1136,16|0|1|000|2152||475,29|12|57,03|0|0|0||03||0|0|0|||||||||||||110301001|0|
|C170|43|010362         02|TOALHA(96UNDX6)FUNDO DO MAR|42|CX|1328,04|0|1|000|2152||555,55|12|66,66|0|0|0|0|03||1328,04|3,25|43,17|||||||||||||110301001|0|
|C170|44|013564         02|CURAT.ANTIS.(24UNDX60)DRAGON RANGERS SORT.|3|CX|739,8|0|1|000|2152||309,48|12|37,14|0|0|0||03||0|0|0|||||||||||||110301001|0|
|C170|45|013758         02|TOALHAS(24UNX36)DEMAQ.SENSITIVE CARE|5|CX|392,4|0|1|000|2152||164,15|12|19,7|0|0|0|0|03||392,4|3,25|12,75|||||||||||||110301001|0|
|C170|46|013759         02|TOALHAS(24UNX36)FEMININAS HIG INTIMA|11|CX|819,72|0|1|000|2152||342,91|12|41,15|0|0|0|0|03||819,72|3,25|26,64|||||||||||||110301001|0|
|C170|47|013983         02|ABS HIG.(16UNX30)C/ABAS SUAVE SHR 5X6 LEVE MAIS PG MENOS|27|CX|2494,8|0|1|000|2152||1043,65|12|125,24|0|0|0||03||0|0|0|||||||||||||110301001|0|
|C170|48|013984         02|ABS HIG.(16UNX30)S/ABAS SUAVE SHR 5X6 LEVE MAIS PG MENOS|15|CX|1354,5|0|1|000|2152||566,62|12|67,99|0|0|0||03||0|0|0|||||||||||||110301001|0|
|C170|49|014109         02|CURAT.ANTIS.(24UNDX60)HORRIPILANTES|6|CX|1382,4|0|1|000|2152||578,3|12|69,4|0|0|0||03||0|0|0|||||||||||||110301001|0|
|C170|50|DC1017         02|ALG.(37GRX48)DISCO LIMP. FACIAL|50|CX|8760|0|1|000|2152||3664,57|12|439,75|0|0|0||03||0|0|0|||||||||||||110301001|0|
|C170|51|DC2018         02|ALG.(30GRX48)POTE DISCO LIMP.FACIAL|5|CX|974,4|0|1|000|2152||407,62|12|48,92|0|0|0||03||0|0|0|||||||||||||110301001|0|
|C170|52|PT1016         02|HASTES FLEX.(150UNX48)POTE C.LINE DIA  A DIA|30|CX|5083,2|0|1|000|2152||2126,45|12|255,17|0|0|0||03||0|0|0|||||||||||||110301001|0|
|C170|53|PT8738         02|HASTES FLEX.(150UNX48)POTE B.CARE GIRL|2|CX|338,88|0|1|000|2152||141,76|12|17,01|0|0|0||03||0|0|0|||||||||||||110301001|0|
|C170|54|PT8739         02|HASTES FLEX.(150UNX48)POTE B.CARE BOY|1|CX|169,44|0|1|000|2152||70,88|12|8,51|0|0|0||03||0|0|0|||||||||||||110301001|0|
|C170|55|PT8740         02|HASTES FLEX.(150UNX48)POTE DEMAQUILANTE|10|CX|1694,4|0|1|000|2152||708,81|12|85,05|0|0|0||03||0|0|0|||||||||||||110301001|0|
|C170|56|RN1015         02|TOALHAS(48UNX12)RECEM NASCIDO|1|CX|35,16|0|1|000|2152||14,7|12|1,76|0|0|0|0|03||35,16|3,25|1,14|||||||||||||110301001|0|
|C170|57|RN8738         02|TOALHAS(96UNDX06)BABY CARE RN|1|CX|33,42|0|1|000|2152||13,98|12|1,68|0|0|0|0|03||33,42|3,25|1,09|||||||||||||110301001|0|
|C170|58|RN8739         02|TOALHAS(96UNDX06)BABY CARE RN C/TAMPA|1|CX|35,16|0|1|000|2152||14,99|12|1,82|0|0|0|0|03||35,16|3,25|1,14|||||||||||||110301001|0|
|C190|000|2152|12|116365,01|48606,83|5832,82|0|0|0|172,67||
|C100|1|0|SA10201328901|55|00|001|409|31250102120411000308550010000004091389821870|07012025|07012025|9129,35|1|0|0|9129,35|0|0|0|0|9129,35|1095,52|0|0|0|||||
|C190|000|6102|12|9129,35|9129,35|1095,52|0|0|0|0||
|C100|1|0|SA10201328901|55|00|001|410|31250102120411000308550010000004101539872980|07012025|07012025|434,4|2|0|0|434,4|0|0|0|0|434,4|52,13|0|0|0|||||
|C190|000|6910|12|434,4|434,4|52,13|0|0|0|0||
|C100|1|0||55|02|001|414|31250102120411000308550010000004141745572139|||||||||||||||||||||
|C100|1|0|SA10200039601|55|00|001|415|31250102120411000308550010000004151181013027|10012025|10012025|199140,68|2|0|0|199140,68|1|0|0|0|199140,68|7965,63|0|0|0|||||
|C190|100|6152|4|199140,68|199140,68|7965,63|0|0|0|0||
|C100|1|0|SA10201086401|55|00|001|416|31250102120411000308550010000004161199083628|13012025|13012025|6818,11|1|0|0|5788,32|0|0|0|0|5788,32|694,6|9524,27|1019,77|10,02|||||
|C190|010|5403|12|6818,11|5788,32|694,6|9524,27|1019,77|0|10,02||
|C100|1|0|SA10201086401|55|00|001|417|31250102120411000308550010000004171380681407|13012025|13012025|318,02|2|0|0|271,2|0|0|0|0|271,2|32,54|440,89|46,82|0|||||
|C190|010|5910|12|318,02|271,2|32,54|440,89|46,82|0|0||
|C100|1|0|SA10200930001|55|00|001|418|31250102120411000308550010000004181108460550|13012025|13012025|3669,15|1|0|0|3063,9|0|0|0|0|3063,9|367,67|5405,11|605,25|0|||||
|C190|010|5403|12|3669,15|3063,9|367,67|5405,11|605,25|0|0||
|C100|1|0|SA10200513001|55|00|001|419|31250102120411000308550010000004191690199110|13012025|13012025|7324,17|1|0|0|6181,2|0|0|0|0|6181,2|741,74|8110,69|1120,51|22,46|||||
|C190|010|6403|12|5271,79|4201,2|504,14|7055,8|1048,13|0|22,46||
|C190|070|6403|12|2052,38|1980|237,6|1054,89|72,38|72,38|0||
|C100|1|0|SA10201440301|55|00|001|420|31250102120411000308550010000004201856352320|13012025|13012025|1642,72|1|0|0|1428,84|0|0|0|0|1428,84|171,46|1613,99|167,44|46,44|||||
|C190|000|6102|12|416,3|403,2|48,38|0|0|0|13,1||
|C190|010|6403|12|1226,42|1025,64|123,08|1613,99|167,44|0|33,34||
|C100|1|0|SA10200796701|55|00|001|421|31250102120411000308550010000004211113528693|13012025|13012025|10691,82|1|0|0|9334,24|0|0|0|0|9334,24|1120,11|10016,98|1320,57|37,01|||||
|C190|070|6403|12|4042,15|3899,6|467,95|2077,59|142,55|142,55|0||
|C190|000|6102|12|696|696|83,52|0|0|0|0||
|C190|010|6403|12|5953,67|4738,64|568,64|7939,39|1178,02|0|37,01||
|C100|1|0|SA10201114901|55|00|001|422|31250102120411000308550010000004221262370282|13012025|13012025|3441,48|1|0|0|2961,06|0|0|0|0|2961,06|355,33|4340,77|474,39|6,03|||||
|C190|010|6403|12|3038,28|2557,86|306,94|4340,77|474,39|0|6,03||
|C190|000|6102|12|403,2|403,2|48,39|0|0|0|0||
|C100|1|0|SA10200825701|55|00|001|423|31250102120411000308550010000004231469738740|13012025|13012025|13275,02|1|0|0|11656,2|0|0|0|0|11656,2|1398,74|12496,94|1618,82|0|||||
|C190|010|6403|12|7027,88|5616|673,92|9480,93|1411,88|0|0||
|C190|000|6102|12|379,2|379,2|45,5|0|0|0|0||
|C190|070|6403|12|5867,94|5661|679,32|3016,01|206,94|206,94|0||
|C100|1|0|SA10200825701|55|00|001|424|31250102120411000308550010000004241713263790|13012025|13012025|541,08|2|0|0|522|0|0|0|0|522|62,64|278,11|19,08|0|||||
|C190|070|6910|12|541,08|522|62,64|278,11|19,08|19,08|0||
|C100|1|0|SA10200825801|55|00|001|425|31250102120411000308550010000004251174675466|13012025|13012025|9076,89|1|0|0|8547|0|0|0|0|8547|1025,64|5642,39|529,89|0|||||
|C190|010|6403|12|1317,73|1053|126,36|1777,67|264,73|0|0||
|C190|070|6403|12|7519,16|7254|870,48|3864,72|265,16|265,16|0||
|C190|000|6102|12|240|240|28,8|0|0|0|0||
|C100|1|0|SA10200825801|55|00|001|426|31250102120411000308550010000004261138401308|13012025|13012025|432,87|2|0|0|417,6|0|0|0|0|417,6|50,11|222,48|15,27|0|||||
|C190|070|6910|12|432,87|417,6|50,11|222,48|15,27|15,27|0||
|C100|1|0|SA10200300701|55|00|001|427|31250102120411000308550010000004271563108524|13012025|13012025|2252,53|1|0|0|1800|0|0|0|0|1800|216|3038,76|452,53|0|||||
|C190|010|6403|12|2252,53|1800|216|3038,76|452,53|0|0||
|C100|1|0|SA10201105801|55|00|001|428|31250102120411000308550010000004281425535238|13012025|13012025|3826,27|1|0|0|3203,4|0|0|0|0|3203,4|384,41|5596|622,87|0|||||
|C190|010|6403|12|2939,44|2462,28|295,47|4292,37|477,16|0|0||
|C190|070|6403|12|886,83|741,12|88,94|1303,63|145,71|145,71|0||
|C100|1|0|SA10200601101|55|00|001|429|31250102120411000308550010000004291248266857|13012025|13012025|2193,22|1|0|0|1860,48|0|0|0|0|1860,48|223,25|3042,06|324,31|8,43|||||
|C190|010|5403|12|2193,22|1860,48|223,25|3042,06|324,31|0|8,43||
|C100|1|0|SA10201445001|55|00|001|430|31250102120411000308550010000004301597728970|13012025|13012025|11054,16|1|0|0|9263,52|0|0|0|0|9263,52|1111,62|16123,69|1790,64|0|||||
|C190|010|5403|12|11054,16|9263,52|1111,62|16123,69|1790,64|0|0||
|C100|1|0|SA10201445001|55|00|001|431|31250102120411000308550010000004311329733402|13012025|13012025|546,59|2|0|0|455,7|0|0|0|0|455,7|54,68|808,73|90,89|0|||||
|C190|010|5910|12|546,59|455,7|54,68|808,73|90,89|0|0||
|C100|1|0|SA10200835901|55|00|001|432|31250102120411000308550010000004321754923583|13012025|13012025|4861,23|1|0|0|4061,88|0|0|0|0|4061,88|487,42|7148,74|799,35|0|||||
|C190|010|6403|12|3974,39|3320,76|398,49|5845,11|653,63|0|0||
|C190|070|6403|12|886,84|741,12|88,93|1303,63|145,72|145,72|0||
|C100|1|0|SA10200856701|55|00|001|433|31250102120411000308550010000004331699904443|13012025|13012025|13268,23|1|0|0|11150,4|0|0|0|0|11150,4|1338,05|14221,4|2117,83|0|||||
|C190|010|6403|12|10541,83|8424|1010,88|14221,4|2117,83|0|0||
|C190|000|6102|12|2726,4|2726,4|327,17|0|0|0|0||
|C100|1|0|SA10200856701|55|00|001|434|31250102120411000308550010000004341200749700|13012025|13012025|878,49|2|0|0|702|0|0|0|0|702|84,24|1185,12|176,49|0|||||
|C190|010|6910|12|878,49|702|84,24|1185,12|176,49|0|0||
|C100|1|0|SA10200431201|55|00|001|435|31250102120411000308550010000004351979318867|13012025|13012025|500,79|1|0|0|415,4|0|0|0|0|415,4|49,85|751,33|85,39|0|||||
|C190|010|6403|12|500,79|415,4|49,85|751,33|85,39|0|0||
|C100|1|0|SA10200882501|55|00|001|436|31250102120411000308550010000004361717568898|13012025|13012025|601,9|1|0|0|508,2|1|0|0|0|508,2|60,98|859,32|93,7|0|||||
|C190|010|6403|12|601,9|508,2|60,98|859,32|93,7|0|0||
|C100|1|0|SA10200486001|55|00|001|437|31250102120411000308550010000004371162505707|13012025|13012025|3552,04|1|0|0|3078,6|0|0|0|0|3078,6|369,43|4310,26|473,44|0|||||
|C190|000|6102|12|558,6|558,6|67,03|0|0|0|0||
|C190|010|6403|12|2993,44|2520|302,4|4310,26|473,44|0|0||
|C100|1|0|SA10201328301|55|00|001|438|31250102120411000308550010000004381729819704|13012025|13012025|3880,13|1|0|0|3241,2|0|0|0|0|3241,2|388,94|5710,42|638,93|0|||||
|C190|010|6403|12|2549,87|2129,52|255,54|3754,97|420,35|0|0||
|C190|070|6403|12|1330,26|1111,68|133,4|1955,45|218,58|218,58|0||
|C100|1|0|SA10201109901|55|00|001|439|31250102120411000308550010000004391136826814|13012025|13012025|43647,91|1|0|0|43647,91|0|0|0|0|43647,91|5237,75|0|0|0|||||
|C190|000|6102|12|43647,91|43647,91|5237,75|0|0|0|0||
|C100|1|0|SA10201109901|55|00|001|440|31250102120411000308550010000004401587524740|13012025|13012025|3804,1|2|0|0|3804,1|0|0|0|0|0|0|0|0|0|||||
|C190|040|6920|0|3804,1|0|0|0|0|0|0||
|C100|1|0|SA10201402901|55|00|001|441|31250102120411000308550010000004411886234792|13012025|13012025|40254,97|1|0|0|40254,97|1|0|0|0|40254,97|4830,6|0|0|0|||||
|C190|000|5102|12|40254,97|40254,97|4830,6|0|0|0|0||
|C100|1|0|SA10201049001|55|00|001|444|31250102120411000308550010000004441269804943|15012025|15012025|2169,04|1|0|0|2090,4|0|0|0|0|2090,4|250,85|716,72|78,64|0|||||
|C190|010|6403|12|438,64|360|43,2|716,72|78,64|0|0||
|C190|000|6102|12|1730,4|1730,4|207,65|0|0|0|0||
|C100|1|0|SA10200819201|55|00|001|445|31250102120411000308550010000004451325024364|15012025|15012025|8406,84|1|0|0|7096,02|0|0|0|0|7096,02|851,52|10521,83|1310,82|0|||||
|C190|000|6102|12|921,6|921,6|110,59|0|0|0|0||
|C190|010|6403|12|7485,24|6174,42|740,93|10521,83|1310,82|0|0||
|C100|1|0|SA10200819201|55|00|001|446|31250102120411000308550010000004461321980462|15012025|15012025|479,43|2|0|0|391,56|0|0|0|0|391,56|46,99|669,84|83,63|4,24|||||
|C190|010|6910|12|479,43|391,56|46,99|669,84|83,63|0|4,24||
|C100|1|0|SA10201214701|55|00|001|447|31250102120411000308550010000004471536219844|15012025|15012025|3796,29|1|0|0|3447,82|0|0|0|0|3447,82|413,74|2979,02|289,8|58,67|||||
|C190|000|6102|12|1642,62|1642,62|197,11|0|0|0|0||
|C190|010|6403|12|2153,67|1805,2|216,63|2979,02|289,8|0|58,67||
|C100|1|0|SA10200125401|55|00|001|448|31250102120411000308550010000004481138528240|15012025|15012025|1776,04|1|0|0|1597,08|0|0|0|0|1597,08|191,65|1580,04|163,79|15,17|||||
|C190|000|6102|12|723,6|723,6|86,83|0|0|0|0||
|C190|010|6403|12|1052,44|873,48|104,82|1580,04|163,79|0|15,17||
|C100|1|0|SA10200852301|55|00|001|449|31250102120411000308550010000004491980796454|15012025|15012025|3814,21|1|0|0|3396,42|0|0|0|0|3396,42|407,57|3807,6|417,79|0|||||
|C190|000|6102|12|1483,92|1483,92|178,07|0|0|0|0||
|C190|010|6403|12|2330,29|1912,5|229,5|3807,6|417,79|0|0||
|C100|1|0|SA10200764001|55|00|001|450|31250102120411000308550010000004501500587016|15012025|15012025|3034,01|1|0|0|2767,76|0|0|0|0|2767,76|332,13|2137,21|266,25|0|||||
|C190|010|6403|12|1520,41|1254,16|150,5|2137,21|266,25|0|0||
|C190|000|6102|12|1513,6|1513,6|181,63|0|0|0|0||
|C100|1|0|SA10201238501|55|00|001|451|31250102120411000308550010000004511734146625|15012025|15012025|5170,19|1|0|0|5155,12|0|0|0|0|5155,12|618,61|0|0|15,07|||||
|C190|000|6102|12|5170,19|5155,12|618,61|0|0|0|15,07||
|C100|1|0|SA10201099501|55|00|001|452|31250102120411000308550010000004521176426282|15012025|15012025|4598,4|1|0|0|4598,4|0|0|0|0|4598,4|551,81|0|0|0|||||
|C190|000|6102|12|4598,4|4598,4|551,81|0|0|0|0||
|C100|1|0|SA10201225701|55|00|001|453|31250102120411000308550010000004531537292445|15012025|15012025|4650,6|1|0|0|4650,6|0|0|0|0|4650,6|558,07|0|0|0|||||
|C190|000|6102|12|4650,6|4650,6|558,07|0|0|0|0||
|C100|1|0|SA10201225701|55|00|001|454|31250102120411000308550010000004541421851186|15012025|15012025|129,6|2|0|0|129,6|0|0|0|0|129,6|15,55|0|0|0|||||
|C190|000|6910|12|129,6|129,6|15,55|0|0|0|0||
|C100|1|0|SA10200456601|55|00|001|455|31250102120411000308550010000004551696693015|15012025|15012025|3297,05|1|0|0|2948,4|0|0|0|0|2948,4|353,81|3273,15|348,65|0|||||
|C190|010|6403|12|2080,25|1731,6|207,79|3273,15|348,65|0|0||
|C190|000|6102|12|1216,8|1216,8|146,02|0|0|0|0||
|C100|1|0|SA10201394501|55|00|001|456|31250102120411000308550010000004561807589188|15012025|15012025|3000,11|1|0|0|2643,6|0|0|0|0|2643,6|317,23|3344,82|356,51|0|||||
|C190|010|6403|12|2124,11|1767,6|212,11|3344,82|356,51|0|0||
|C190|000|6102|12|876|876|105,12|0|0|0|0||
|C100|1|0|SA10201379701|55|00|001|457|31250102120411000308550010000004571882467474|15012025|15012025|1902,59|1|0|0|1564,72|0|0|0|0|1564,72|187,76|2342,32|293,71|44,16|||||
|C190|010|6403|12|1696,55|1358,68|163,04|2342,32|293,71|0|44,16||
|C190|000|6102|12|206,04|206,04|24,72|0|0|0|0||
|C100|1|0|SA10201401901|55|00|001|458|31250102120411000308550010000004581263890126|15012025|15012025|18864,72|1|0|0|17370,84|0|0|0|0|17370,84|2084,5|13751,67|1489,52|4,36|||||
|C190|010|6403|12|8562,72|7068,84|848,26|13751,67|1489,52|0|4,36||
|C190|000|6102|12|10302|10302|1236,24|0|0|0|0||
|C100|1|0|SA10200584201|55|00|001|459|31250102120411000308550010000004591619348367|15012025|15012025|2111,44|1|0|0|1890,8|0|0|0|0|1890,8|226,9|2010,81|220,64|0|||||
|C190|010|6403|12|1230,64|1010|121,2|2010,81|220,64|0|0||
|C190|000|6102|12|880,8|880,8|105,7|0|0|0|0||
|C100|1|0|SA10201344801|55|00|001|460|31250102120411000308550010000004601168147053|15012025|15012025|8266,35|1|0|0|7538,58|0|0|0|0|7538,58|904,63|6830,32|727,77|0|||||
|C190|000|6102|12|3927,12|3927,12|471,25|0|0|0|0||
|C190|010|6403|12|4339,23|3611,46|433,38|6830,32|727,77|0|0||
|C100|1|0|SA10201441101|55|00|001|461|31250102120411000308550010000004611497548004|15012025|15012025|3119,08|1|0|0|2711,16|0|0|0|0|2711,16|325,33|3147,69|393,7|14,22|||||
|C190|010|6403|12|2242,18|1834,26|220,09|3147,69|393,7|0|14,22||
|C190|000|6102|12|876,9|876,9|105,24|0|0|0|0||
|C100|1|0|SA10201344801|55|00|001|462|31250102120411000308550010000004621275806250|15012025|15012025|394,56|2|0|0|394,56|0|0|0|0|394,56|47,35|0|0|0|||||
|C190|000|6910|12|394,56|394,56|47,35|0|0|0|0||
|C100|1|0|SA10201386501|55|00|001|463|31250102120411000308550010000004631733358786|15012025|15012025|2047,58|1|0|0|1687,68|0|0|0|0|1687,68|202,52|2578,59|322,83|37,07|||||
|C190|010|6403|12|1859,78|1499,88|179,99|2578,59|322,83|0|37,07||
|C190|000|6102|12|187,8|187,8|22,53|0|0|0|0||
|C100|1|0|SA10201111401|55|00|001|464|31250102120411000308550010000004641731493349|15012025|15012025|4573,85|1|0|0|4131|0|0|0|0|4131|495,72|4233,45|442,85|0|||||
|C190|010|6403|12|2749,85|2307|276,84|4233,45|442,85|0|0||
|C190|000|6102|12|1824|1824|218,88|0|0|0|0||
|C100|1|0|SA10201442201|55|00|001|465|31250102120411000308550010000004651186914784|15012025|15012025|1743,76|1|0|0|1606,74|0|0|0|0|1606,74|192,81|1084,42|137,02|0|||||
|C190|010|6403|12|757,36|620,34|74,44|1084,42|137,02|0|0||
|C190|000|6102|12|986,4|986,4|118,37|0|0|0|0||
|C100|1|0|SA10201445901|55|00|001|466|31250102120411000308550010000004661802239088|15012025|15012025|3566,42|1|0|0|3080,16|0|0|0|0|3080,16|369,61|3776,5|472,04|14,22|||||
|C190|010|6403|12|2689,52|2203,26|264,37|3776,5|472,04|0|14,22||
|C190|000|6102|12|876,9|876,9|105,24|0|0|0|0||
|C100|1|0|SA10200934401|55|00|001|467|31250102120411000308550010000004671725884546|15012025|15012025|1608,55|1|0|0|1524,52|0|0|0|0|1524,52|182,94|727,55|72,62|11,41|||||
|C190|000|6102|12|1099|1099|131,88|0|0|0|0||
|C190|010|6403|12|509,55|425,52|51,06|727,55|72,62|0|11,41||
|C100|1|0|SA10200818001|55|00|001|468|31250102120411000308550010000004681889321509|15012025|15012025|4450,49|1|0|0|4004,04|0|0|0|0|4004,04|480,48|4136,4|438,41|8,04|||||
|C190|000|6102|12|1797,6|1797,6|215,71|0|0|0|0||
|C190|010|6403|12|2652,89|2206,44|264,77|4136,4|438,41|0|8,04||
|C100|1|0|SA10201417801|55|00|001|469|31250102120411000308550010000004691702392978|16012025|16012025|2179,35|0|0|0|1948,68|0|0|0|0|1948,68|233,84|1998,3|223,83|6,84|||||
|C190|010|6403|12|1362,87|1132,2|135,86|1998,3|223,83|0|6,84||
|C190|000|6102|12|816,48|816,48|97,98|0|0|0|0||
|C100|1|0|SA10201434501|55|00|001|470|31250102120411000308550010000004701602727090|16012025|16012025|5507,4|1|0|0|5507,4|0|0|0|0|5507,4|660,89|0|0|0|||||
|C190|010|6403|12|2921,4|2921,4|350,57|0|0|0|0||
|C190|000|6102|12|1614|1614|193,68|0|0|0|0||
|C190|070|6403|12|972|972|116,64|0|0|0|0||
|C100|1|0|SA10201434501|55|00|001|471|31250102120411000308550010000004711267551387|16012025|16012025|280,8|2|0|0|280,8|0|0|0|0|280,8|33,7|0|0|0|||||
|C190|010|6910|12|280,8|280,8|33,7|0|0|0|0||
|C100|1|0|SA10201410801|55|00|001|472|31250102120411000308550010000004721586055171|16012025|16012025|1890,03|1|0|0|1600,2|0|0|0|0|1600,2|192,02|2629,85|281,35|8,48|||||
|C190|010|5403|12|1890,03|1600,2|192,02|2629,85|281,35|0|8,48||
|C100|1|0|SA10201285901|55|00|001|473|31250102120411000308550010000004731877958876|16012025|16012025|31040,81|1|0|0|26156,04|0|0|0|0|26156,04|3138,72|44249,43|4884,77|0|||||
|C190|010|5403|12|31040,81|26156,04|3138,72|44249,43|4884,77|0|0||
|C100|1|0|SA10201285901|55|00|001|474|31250102120411000308550010000004741945430271|16012025|16012025|1951,49|2|0|0|1622,88|0|0|0|0|1622,88|194,75|2907,56|328,61|0|||||
|C190|010|5910|12|954,05|813,6|97,63|1322,67|140,45|0|0||
|C190|070|5910|12|997,44|809,28|97,12|1584,89|188,16|188,16|0||
|C100|1|0|SA10200166201|55|00|001|475|31250102120411000308550010000004751678416571|16012025|16012025|1046,4|1|0|0|1046,4|0|0|0|0|1046,4|125,57|0|0|0|||||
|C190|000|6102|12|1046,4|1046,4|125,57|0|0|0|0||
|C100|1|0|SA10201046201|55|00|001|476|31250102120411000308550010000004761701760676|16012025|16012025|1744,8|1|0|0|1559,34|0|0|0|0|1559,34|187,12|1680,48|180,54|4,92|||||
|C190|010|6403|12|1201,6|1016,14|121,94|1680,48|180,54|0|4,92||
|C190|000|6102|12|543,2|543,2|65,18|0|0|0|0||
|C100|1|0|SA10201445701|55|00|001|477|31250102120411000308550010000004771568733950|16012025|16012025|3111,45|1|0|0|2607,72|0|0|0|0|2607,72|312,93|4537,01|503,73|0|||||
|C190|010|6403|12|2668,04|2237,16|268,46|3885,2|430,88|0|0||
|C190|070|6403|12|443,41|370,56|44,47|651,81|72,85|72,85|0||
|C100|1|0|SA10201440501|55|00|001|478|31250102120411000308550010000004781790996730|16012025|16012025|2387,55|1|0|0|2038,8|0|0|0|0|2038,8|244,66|3296,74|348,75|0|||||
|C190|010|6403|12|2387,55|2038,8|244,66|3296,74|348,75|0|0||
|C100|1|0|SA10201252101|55|00|001|479|31250102120411000308550010000004791622629994|16012025|16012025|6406,94|1|0|0|5370,84|0|0|0|0|5370,84|644,5|9336,69|1036,1|0|||||
|C190|010|6403|12|5076,68|4259,16|511,1|7381,25|817,52|0|0||
|C190|070|6403|12|1330,26|1111,68|133,4|1955,44|218,58|218,58|0||
|C100|1|0|SA10200842601|55|00|001|480|31250102120411000308550010000004801295661662|16012025|16012025|3706,9|1|0|0|3106,44|0|0|0|0|3106,44|372,77|5406,82|600,46|0|||||
|C190|010|6403|12|3263,48|2735,88|328,3|4755|527,6|0|0||
|C190|070|6403|12|443,42|370,56|44,47|651,82|72,86|72,86|0||
|C100|1|0|SA10200885201|55|00|001|481|31250102120411000308550010000004811414633524|16012025|16012025|1872,75|1|0|0|1619,34|0|0|0|0|1619,34|194,32|2297,68|251,05|2,36|||||
|C190|010|6403|12|1607,79|1354,38|162,53|2297,68|251,05|0|2,36||
|C190|000|6102|12|264,96|264,96|31,79|0|0|0|0||
|C100|1|0|SA10200885301|55|00|001|482|31250102120411000308550010000004821376373521|16012025|16012025|1354,54|1|0|0|1202,7|0|0|0|0|1202,7|144,32|1369,79|149,48|2,36|||||
|C190|000|6102|12|393,6|393,6|47,24|0|0|0|0||
|C190|010|6403|12|960,94|809,1|97,08|1369,79|149,48|0|2,36||
|C100|1|0|SA10201099001|55|00|001|483|31250102120411000308550010000004831623371900|16012025|16012025|1350,64|1|0|0|1223,16|0|0|0|0|1223,16|146,78|1172,96|127,48|0|||||
|C190|010|6403|12|824,56|697,08|83,65|1172,96|127,48|0|0||
|C190|000|6102|12|526,08|526,08|63,13|0|0|0|0||
|C100|1|0|SA10200885201|55|00|001|484|31250102120411000308550010000004841539325029|16012025|16012025|287,09|2|0|0|242,4|0|0|0|0|242,4|29,09|409,87|44,69|0|||||
|C190|010|6910|12|287,09|242,4|29,09|409,87|44,69|0|0||
|C100|1|0|SA10200746801|55|00|001|485|31250102120411000308550010000004851184581748|16012025|16012025|3495,56|1|0|0|2934,4|0|0|0|0|2934,4|352,13|3910,77|561,16|0|||||
|C190|070|6403|12|514,13|496|59,52|264,25|18,13|18,13|0||
|C190|000|6102|12|278,4|278,4|33,41|0|0|0|0||
|C190|010|6403|12|2703,03|2160|259,2|3646,52|543,03|0|0||
|C100|1|0|SA10201061001|55|00|001|486|31250102120411000308550010000004861202440559|16012025|16012025|2160|1|0|0|2160|0|0|0|0|2160|259,2|0|0|0|||||
|C190|000|6102|12|2160|2160|259,2|0|0|0|0||
|C100|1|0|SA10201346701|55|00|001|487|31250102120411000308550010000004871813309880|16012025|16012025|6627|1|0|0|6627|0|0|0|0|6627|795,24|0|0|0|||||
|C190|000|6102|12|6627|6627|795,24|0|0|0|0||
|C100|1|0|SA10201346701|55|00|001|488|31250102120411000308550010000004881195596522|16012025|16012025|362,4|2|0|0|362,4|0|0|0|0|362,4|43,49|0|0|0|||||
|C190|000|6910|12|362,4|362,4|43,49|0|0|0|0||
|C100|1|0|SA10201109901|55|00|001|489|31250102120411000308550010000004891686678690|16012025|16012025|43427,89|1|0|0|43427,89|0|0|0|0|43427,89|5211,35|0|0|0|||||
|C190|000|6102|12|43427,89|43427,89|5211,35|0|0|0|0||
|C100|1|0|SA10201402901|55|00|001|490|31250102120411000308550010000004901851866339|16012025|16012025|73880,4|1|0|0|73880,4|0|0|0|0|73880,4|8865,65|0|0|0|||||
|C190|000|5102|12|73880,4|73880,4|8865,65|0|0|0|0||
|C100|1|0|SA10201109901|55|00|001|491|31250102120411000308550010000004911842240659|16012025|16012025|4437,6|2|0|0|4437,6|0|0|0|0|0|0|0|0|0|||||
|C190|040|6920|0|4437,6|0|0|0|0|0|0||
|C100|1|0|SA10200661301|55|00|001|493|31250102120411000308550010000004931193842496|16012025|16012025|8750,37|1|0|0|8750,37|1|0|0|0|8750,37|1050,04|0|0|0|||||
|C190|000|6102|12|8750,37|8750,37|1050,04|0|0|0|0||
|C100|1|0|SA10201259601|55|00|001|494|31250102120411000308550010000004941598883560|22012025|22012025|1271,84|1|0|0|1044,46|0|0|0|0|1044,46|125,33|1782,95|222,34|5,04|||||
|C190|010|6403|12|1271,84|1044,46|125,33|1782,95|222,34|0|5,04||
|C100|1|0|SA10200883301|55|00|001|495|31250102120411000308550010000004951248917373|22012025|22012025|2359,91|1|0|0|1946,64|0|0|0|0|1946,64|233,6|3317,27|413,27|0|||||
|C190|010|6403|12|2359,91|1946,64|233,6|3317,27|413,27|0|0||
|C100|1|0|SA10200883301|55|00|001|496|31250102120411000308550010000004961487211533|22012025|22012025|122,27|2|0|0|97,92|0|0|0|0|97,92|11,75|168,81|21,17|3,18|||||
|C190|010|6910|12|122,27|97,92|11,75|168,81|21,17|0|3,18||
|C100|1|0|SA10200883301|55|00|001|497|31250102120411000308550010000004971311397194|22012025|22012025|2575,07|1|0|0|2154,54|0|0|0|0|2154,54|258,54|3375,55|420,53|0|||||
|C190|010|6403|12|2401,37|1980,84|237,7|3375,55|420,53|0|0||
|C190|000|6102|12|173,7|173,7|20,84|0|0|0|0||
|C100|1|0|SA10200883301|55|00|001|498|31250102120411000308550010000004981617903744|22012025|22012025|163,02|2|0|0|130,56|0|0|0|0|130,56|15,67|225,08|28,22|4,24|||||
|C190|010|6910|12|163,02|130,56|15,67|225,08|28,22|0|4,24||
|C100|1|0|SA10201218701|55|00|001|499|31250102120411000308550010000004991522870757|22012025|22012025|2124,79|1|0|0|1933,44|0|0|0|0|1933,44|232,01|1779,54|184,99|6,36|||||
|C190|000|6102|12|954|954|114,48|0|0|0|0||
|C190|010|6403|12|1170,79|979,44|117,53|1779,54|184,99|0|6,36||
|C100|1|0|SA10200697701|55|00|001|500|31250102120411000308550010000005001184829713|22012025|22012025|2246,04|1|0|0|2016,18|0|0|0|0|2016,18|241,94|2164,77|227,74|2,12|||||
|C190|010|6403|12|1398,84|1168,98|140,27|2164,77|227,74|0|2,12||
|C190|000|6102|12|847,2|847,2|101,67|0|0|0|0||
|C100|1|0|SA10200558601|55|00|001|501|31250102120411000308550010000005011760104822|22012025|22012025|30292,8|1|0|0|30292,8|0|0|0|0|30292,8|3635,14|0|0|0|||||
|C190|000|6102|12|30292,8|30292,8|3635,14|0|0|0|0||
|C100|1|0|SA10200558601|55|00|001|502|31250102120411000308550010000005021300770419|22012025|22012025|1016,64|2|0|0|1016,64|0|0|0|0|1016,64|122|0|0|0|||||
|C190|010|6910|12|1016,64|1016,64|122|0|0|0|0||
|C100|1|0|SA10200125401|55|00|001|503|31250102120411000308550010000005031789595187|22012025|22012025|1558,94|1|0|0|1330,44|0|0|0|0|1330,44|159,65|2062,12|222,45|6,05|||||
|C190|000|6102|12|262,8|262,8|31,54|0|0|0|0||
|C190|010|6403|12|1296,14|1067,64|128,11|2062,12|222,45|0|6,05||
|C100|1|0|SA10200292601|55|00|001|504|31250102120411000308550010000005041718367693|22012025|22012025|2368,67|1|0|0|1944|0|0|0|0|1944|233,28|3870,31|424,67|0|||||
|C190|010|6403|12|2368,67|1944|233,28|3870,31|424,67|0|0||
|C100|1|0|SA10200376601|55|00|001|505|31250102120411000308550010000005051115457736|22012025|22012025|7532,29|1|0|0|7008|0|0|0|0|7008|840,96|4778,16|524,29|0|||||
|C190|000|6102|12|4608|4608|552,96|0|0|0|0||
|C190|010|6403|12|2924,29|2400|288|4778,16|524,29|0|0||
|C100|1|0|SA10200838101|55|00|001|506|31250102120411000308550010000005061908472093|22012025|22012025|3504|1|0|0|3504|0|0|0|0|3504|420,48|0|0|0|||||
|C190|000|6102|12|3504|3504|420,48|0|0|0|0||
|C100|1|0|SA10200557101|55|00|001|507|31250102120411000308550010000005071866695852|22012025|22012025|4186,18|1|0|0|3828|0|0|0|0|3828|459,36|3362,49|353,17|5,01|||||
|C190|000|6102|12|2007,6|2007,6|240,91|0|0|0|0||
|C190|010|6403|12|2178,58|1820,4|218,45|3362,49|353,17|0|5,01||
|C100|1|0|SA10201431401|55|00|001|508|31250102120411000308550010000005081673820580|22012025|22012025|3825,27|1|0|0|3381,72|0|0|0|0|3381,72|405,81|4023,36|434,91|8,64|||||
|C190|010|6403|12|2519,07|2075,52|249,06|4023,36|434,91|0|8,64||
|C190|000|6102|12|1306,2|1306,2|156,75|0|0|0|0||
|C100|1|0|SA10200407001|55|00|001|509|31250102120411000308550010000005091816493460|22012025|22012025|5159,4|1|0|0|5159,4|0|0|0|0|5159,4|619,13|0|0|0|||||
|C190|000|6102|12|5159,4|5159,4|619,13|0|0|0|0||
|C100|1|0|SA10200407001|55|00|001|510|31250102120411000308550010000005101933874429|22012025|22012025|135,6|2|0|0|135,6|0|0|0|0|135,6|16,27|0|0|0|||||
|C190|010|6910|12|135,6|135,6|16,27|0|0|0|0||
|C100|1|0|SA10201443601|55|00|001|511|31250102120411000308550010000005111239425850|22012025|22012025|977,06|1|0|0|977,06|0|0|0|0|977,06|117,25|0|0|0|||||
|C190|000|6102|12|977,06|977,06|117,25|0|0|0|0||
|C100|1|0|SA10200172601|55|00|001|512|31250102120411000308550010000005121272564933|22012025|22012025|2456,43|1|0|0|2116,2|0|0|0|0|2116,2|253,94|2730,99|340,23|0|||||
|C190|010|6403|12|1942,83|1602,6|192,31|2730,99|340,23|0|0||
|C190|000|6102|12|513,6|513,6|61,63|0|0|0|0||
|C100|1|0|SA10200852301|55|00|001|513|31250102120411000308550010000005131430876822|22012025|22012025|6101,7|1|0|0|5712,12|0|0|0|0|5712,12|685,45|3550,41|389,58|0|||||
|C190|000|6102|12|3928,8|3928,8|471,46|0|0|0|0||
|C190|010|6403|12|2172,9|1783,32|213,99|3550,41|389,58|0|0||
|C100|1|0|SA10200504701|55|00|001|514|31250102120411000308550010000005141373036635|22012025|22012025|2228,48|1|0|0|1973,4|0|0|0|0|1973,4|236,81|2421,64|255,08|0|||||
|C190|010|6403|12|1560,08|1305|156,6|2421,64|255,08|0|0||
|C190|000|6102|12|668,4|668,4|80,21|0|0|0|0||
|C100|1|0|SA10200714401|55|00|001|515|31250102120411000308550010000005151582745580|22012025|22012025|6941,39|1|0|0|5981,76|0|0|0|0|5981,76|717,81|7702,8|959,63|0|||||
|C190|010|6403|12|5479,79|4520,16|542,41|7702,8|959,63|0|0||
|C190|000|6102|12|1461,6|1461,6|175,4|0|0|0|0||
|C100|1|0|SA10200714401|55|00|001|516|31250102120411000308550010000005161985298856|22012025|22012025|407,57|2|0|0|326,4|0|0|0|0|326,4|39,17|562,71|70,56|10,61|||||
|C190|010|6910|12|407,57|326,4|39,17|562,71|70,56|0|10,61||
|C100|1|0|SA10200644501|55|00|001|517|31250102120411000308550010000005171914353770|22012025|22012025|1598,31|1|0|0|1349,1|0|0|0|0|1349,1|161,89|2000,44|249,21|0|||||
|C190|010|6403|12|1423,11|1173,9|140,87|2000,44|249,21|0|0||
|C190|000|6102|12|175,2|175,2|21,02|0|0|0|0||
|C100|1|0|SA10200803801|55|00|001|518|31250102120411000308550010000005181817735378|22012025|22012025|8890,35|1|0|0|8127,6|0|0|0|0|8127,6|975,31|6122,49|762,75|0|||||
|C190|000|6102|12|4534,8|4534,8|544,18|0|0|0|0||
|C190|010|6403|12|4355,55|3592,8|431,13|6122,49|762,75|0|0||
|C100|1|0|SA10200803801|55|00|001|519|31250102120411000308550010000005191356812645|22012025|22012025|529,83|2|0|0|424,32|0|0|0|0|424,32|50,92|731,51|91,72|13,79|||||
|C190|010|6910|12|529,83|424,32|50,92|731,51|91,72|0|13,79||
|C100|1|0|SA10200558701|55|00|001|520|31250102120411000308550010000005201711104941|22012025|22012025|37171,87|1|0|0|32621,1|0|0|0|0|32621,1|3914,53|36528,4|4550,77|0|||||
|C190|000|6102|12|11185,5|11185,5|1342,26|0|0|0|0||
|C190|010|6403|12|25986,37|21435,6|2572,27|36528,4|4550,77|0|0||
|C100|1|0|SA10200558701|55|00|001|521|31250102120411000308550010000005211981756817|22012025|22012025|1720,5|2|0|0|1720,5|0|0|0|0|1720,5|206,46|0|0|0|||||
|C190|000|6910|12|1720,5|1720,5|206,46|0|0|0|0||
|C100|1|0|SA10201229001|55|00|001|522|31250102120411000308550010000005221740705634|22012025|22012025|37753,09|1|0|0|34478,52|0|0|0|0|34478,52|4137,42|29843,19|3274,57|0|||||
|C190|000|6102|12|19488,72|19488,72|2338,65|0|0|0|0||
|C190|010|6403|12|18264,37|14989,8|1798,77|29843,19|3274,57|0|0||
|C100|1|0|SA10201349201|55|00|001|523|31250102120411000308550010000005231712926718|23012025|23012025|5110,58|1|0|0|4842,24|0|0|0|0|4842,24|581,07|2430,82|268,34|0|||||
|C190|000|6102|12|3432,24|3432,24|411,87|0|0|0|0||
|C190|010|6403|12|1678,34|1410|169,2|2430,82|268,34|0|0||
|C100|1|0|SA10200882301|55|00|001|524|31250102120411000308550010000005241857368349|23012025|23012025|14902,7|1|0|0|12612,48|0|0|0|0|12612,48|1513,5|20528,04|2241,39|48,83|||||
|C190|010|6403|12|14403,98|12113,76|1453,65|20528,04|2241,39|2241,39|48,83||
|C190|000|6102|12|498,72|498,72|59,85|0|0|0|0||
|C100|1|0|SA10200882301|55|00|001|525|31250102120411000308550010000005251366394193|23012025|23012025|441,95|2|0|0|369,6|0|0|0|0|369,6|44,35|581,61|60,34|12,01|||||
|C190|070|6910|12|441,95|369,6|44,35|581,61|60,34|60,34|12,01||
|C100|1|0|SA10201080501|55|00|001|526|31250102120411000308550010000005261663131232|23012025|23012025|1408,52|1|0|0|1206,66|0|0|0|0|1206,66|144,8|1822,63|197,64|4,22|||||
|C190|000|6102|12|119,76|119,76|14,37|0|0|0|0||
|C190|010|6403|12|1288,76|1086,9|130,43|1822,63|197,64|0|4,22||
|C100|1|0|SA10201080301|55|00|001|527|31250102120411000308550010000005271776785189|23012025|23012025|1805,28|1|0|0|1553,46|0|0|0|0|1553,46|186,41|2232,18|245,3|6,52|||||
|C190|000|6102|12|249,36|249,36|29,92|0|0|0|0||
|C190|010|6403|12|1555,92|1304,1|156,49|2232,18|245,3|0|6,52||
|C100|1|0|SA10201219501|55|00|001|528|31250102120411000308550010000005281544572337|23012025|23012025|1276,75|1|0|0|1072,62|0|0|0|0|1072,62|128,71|1849,14|204,13|0|||||
|C190|010|6403|12|833,34|702,06|84,24|1197,32|131,28|0|0||
|C190|070|6403|12|443,41|370,56|44,47|651,82|72,85|72,85|0||
|C100|1|0|SA10201080301|55|00|001|529|31250102120411000308550010000005291335054624|23012025|23012025|324,04|2|0|0|273,6|0|0|0|0|273,6|32,83|462,63|50,44|0|||||
|C190|010|6910|12|324,04|273,6|32,83|462,63|50,44|0|0||
|C100|1|0|SA10200576201|55|00|001|530|31250102120411000308550010000005301702736902|23012025|23012025|4392,43|1|0|0|3510|0|0|0|0|3510|421,2|5925,58|882,43|0|||||
|C190|010|6403|12|4392,43|3510|421,2|5925,58|882,43|0|0||
|C100|1|0|SA10201206101|55|00|001|531|31250102120411000308550010000005311126462302|23012025|23012025|8895,11|1|0|0|7728,28|0|0|0|0|7728,28|927,39|10359,09|1138,53|28,3|||||
|C190|000|6102|12|1677,44|1677,44|201,29|0|0|0|0||
|C190|010|6403|12|7217,67|6050,84|726,1|10359,09|1138,53|0|28,3||
|C100|1|0|SA10201080201|55|00|001|532|31250102120411000308550010000005321573341235|23012025|23012025|2158,4|1|0|0|1835,76|0|0|0|0|1835,76|220,29|2908,96|317,69|4,95|||||
|C190|000|6102|12|119,76|119,76|14,37|0|0|0|0||
|C190|070|6403|12|443,42|370,56|44,47|651,82|72,86|72,86|0||
|C190|010|6403|12|1595,22|1345,44|161,45|2257,14|244,83|0|4,95||
|C100|1|0|SA10200060601|55|00|001|533|31250102120411000308550010000005331957801469|23012025|23012025|51831,85|1|0|0|44376|0|0|0|0|44376|5325,12|71005,42|7455,85|0|||||
|C190|010|5403|12|51831,85|44376|5325,12|71005,42|7455,85|0|0||
|C100|1|0|SA10200060601|55|00|001|534|31250102120411000308550010000005341530073357|23012025|23012025|2544,13|2|0|0|2169,6|0|0|0|0|2169,6|260,35|3527,12|374,53|0|||||
|C190|010|5910|12|2544,13|2169,6|260,35|3527,12|374,53|0|0||
|C100|1|0|SA10200685701|55|00|001|535|31250102120411000308550010000005351273015709|23012025|23012025|5324,91|1|0|0|4509,36|0|0|0|0|4509,36|541,12|7424,35|795,26|20,29|||||
|C190|010|5403|12|5324,91|4509,36|541,12|7424,35|795,26|0|20,29||
|C100|1|0|SA10200685701|55|00|001|536|31250102120411000308550010000005361417198071|23012025|23012025|198,69|2|0|0|169,44|0|0|0|0|169,44|20,33|275,46|29,25|0|||||
|C190|010|5910|12|198,69|169,44|20,33|275,46|29,25|0|0||
|C100|1|0|SA10200126801|55|00|001|537|31250102120411000308550010000005371849167478|23012025|23012025|20739,87|1|0|0|17000,94|0|0|0|0|17000,94|2040,11|30305,91|3709,89|29,04|||||
|C190|010|5403|12|20739,87|17000,94|2040,11|30305,91|3709,89|0|29,04||
|C100|1|0|SA10200126801|55|00|001|538|31250102120411000308550010000005381486663700|23012025|23012025|1122,68|2|0|0|936|0|0|0|0|936|112,32|1661,12|186,68|0|||||
|C190|010|5910|12|1122,68|936|112,32|1661,12|186,68|0|0||
|C100|1|0|SA10201438701|55|00|001|539|31250102120411000308550010000005391627187973|23012025|23012025|659,08|1|0|0|603|0|0|0|0|603|72,36|506,53|51,79|4,29|||||
|C190|000|6102|12|274,8|274,8|32,98|0|0|0|0||
|C190|010|6403|12|384,28|328,2|39,38|506,53|51,79|0|4,29||
|C100|1|0|SA10200634801|55|00|001|540|31250102120411000308550010000005401785571708|23012025|23012025|21355,4|1|0|0|21355,4|0|0|0|0|21355,4|2562,65|0|0|0|||||
|C190|000|6102|12|21355,4|21355,4|2562,65|0|0|0|0||
|C100|1|0|SA10200634801|55|00|001|541|31250102120411000308550010000005411154618776|23012025|23012025|680,4|2|0|0|680,4|0|0|0|0|680,4|81,65|0|0|0|||||
|C190|000|6910|12|680,4|680,4|81,65|0|0|0|0||
|C100|1|0|SA10201418201|55|00|001|542|31250102120411000308550010000005421349200522|23012025|23012025|2093,31|1|0|0|1803,84|0|0|0|0|1803,84|216,46|2644,94|289,47|0|||||
|C190|010|6403|12|1844,67|1555,2|186,62|2644,94|289,47|0|0||
|C190|000|6102|12|248,64|248,64|29,84|0|0|0|0||
|C100|1|0|SA10201148001|55|00|001|543|31250102120411000308550010000005431996814700|23012025|23012025|5413,25|1|0|0|4731,6|0|0|0|0|4731,6|567,79|6211,73|681,65|0|||||
|C190|000|6102|12|1094,4|1094,4|131,33|0|0|0|0||
|C190|010|6403|12|4318,85|3637,2|436,46|6211,73|681,65|0|0||
|C100|1|0|SA10200788801|55|00|001|544|31250102120411000308550010000005441883452966|23012025|23012025|3823,28|1|0|0|3463,8|0|0|0|0|3463,8|415,66|3259,94|359,48|0|||||
|C190|000|6102|12|1569,6|1569,6|188,35|0|0|0|0||
|C190|010|6403|12|2253,68|1894,2|227,31|3259,94|359,48|0|0||
|C100|1|0|SA10200431201|55|00|001|545|31250102120411000308550010000005451942979268|23012025|23012025|3633,57|1|0|0|3169,76|0|0|0|0|3169,76|380,37|4253,9|463,81|0|||||
|C190|000|6102|12|654|654|78,48|0|0|0|0||
|C190|010|6403|12|2979,57|2515,76|301,89|4253,9|463,81|0|0||
|C100|1|0|SA10200882501|55|00|001|546|31250102120411000308550010000005461608555525|23012025|23012025|1222,19|1|0|0|1147,6|1|0|0|0|1147,6|137,71|656,2|74,59|0|||||
|C190|000|6102|12|784,8|784,8|94,18|0|0|0|0||
|C190|010|6403|12|437,39|362,8|43,53|656,2|74,59|0|0||
|C100|1|0|SA10200486001|55|00|001|547|31250102120411000308550010000005471803156267|23012025|23012025|1474,13|1|0|0|1234,8|0|0|0|0|1234,8|148,18|2152,81|239,33|0|||||
|C190|010|6403|12|1474,13|1234,8|148,18|2152,81|239,33|0|0||
|C100|1|0|SA10200166201|55|00|001|548|31250102120411000308550010000005481950545680|23012025|23012025|6855,99|1|0|0|5749,92|0|0|0|0|5749,92|689,99|9908,35|1093,51|12,56|||||
|C190|010|6403|12|6855,99|5749,92|689,99|9908,35|1093,51|0|12,56||
|C100|1|0|SA10200779901|55|00|001|549|31250102120411000308550010000005491876182475|23012025|23012025|2892,11|1|0|0|2468,34|0|0|0|0|2468,34|296,2|3677,26|398,53|25,24|||||
|C190|010|6403|12|2618,51|2194,74|263,37|3677,26|398,53|0|25,24||
|C190|000|6102|12|273,6|273,6|32,83|0|0|0|0||
|C100|1|0|SA10200779901|55|00|001|550|31250102120411000308550010000005501891416741|23012025|23012025|419,55|2|0|0|354,24|0|0|0|0|354,24|42,51|598,98|65,31|0|||||
|C190|010|6910|12|419,55|354,24|42,51|598,98|65,31|0|0||
|C100|1|0|SA10200913001|55|00|001|551|31250102120411000308550010000005511238370186|23012025|23012025|1361,18|1|0|0|1164,6|0|0|0|0|1164,6|139,75|1868,49|196,58|0|||||
|C190|010|5403|12|1361,18|1164,6|139,75|1868,49|196,58|0|0||
|C100|1|0|SA10201349201|55|00|001|552|31250102120411000308550010000005521677457771|23012025|23012025|2018,43|1|0|0|1906,32|0|0|0|0|1906,32|228,76|1013,23|112,11|0|||||
|C190|000|6102|12|1320,72|1320,72|158,49|0|0|0|0||
|C190|010|6403|12|697,71|585,6|70,27|1013,23|112,11|0|0||
|C100|1|0|SA10201357401|55|00|001|553|31250102120411000308550010000005531398773895|23012025|23012025|1987,6|1|0|0|1695|0|0|0|0|1695|203,4|2755,56|292,6|0|||||
|C190|010|5403|12|1987,6|1695|203,4|2755,56|292,6|0|0||
|C100|1|0|SA10201402901|55|00|001|554|31250102120411000308550010000005541400669791|23012025|23012025|73677,75|1|0|0|73677,75|0|0|0|0|73677,75|8841,33|0|0|0|||||
|C190|000|5102|12|73677,75|73677,75|8841,33|0|0|0|0||
|C100|1|0|SA10201402901|55|00|001|555|31250102120411000308550010000005551122415557|28012025|28012025|55253,97|1|0|0|55253,97|0|0|0|0|55253,97|6630,48|0|0|0|||||
|C190|000|5102|12|55253,97|55253,97|6630,48|0|0|0|0||
|C100|1|0|SA10201402901|55|00|001|556|31250102120411000308550010000005561474867770|28012025|28012025|55392,93|1|0|0|55392,93|0|0|0|0|55392,93|6647,15|0|0|0|||||
|C190|000|5102|12|55392,93|55392,93|6647,15|0|0|0|0||
|C100|1|0|SA10201314201|55|00|001|557|31250102120411000308550010000005571861708516|28012025|28012025|1301,74|1|0|0|1088,64|0|0|0|0|1088,64|130,64|1713,12|177,72|35,38|||||
|C190|010|6403|12|1301,74|1088,64|130,64|1713,12|177,72|0|35,38||
|C100|1|0|SA10200945801|55|00|001|558|31250102120411000308550010000005581504543173|28012025|28012025|1395,34|1|0|0|1192,22|0|0|0|0|1192,22|143,07|1833,23|201,83|1,29|||||
|C190|010|6403|12|1271,02|1067,9|128,15|1833,23|201,83|0|1,29||
|C190|000|6102|12|124,32|124,32|14,92|0|0|0|0||
|C100|1|0|SA10201177501|55|00|001|559|31250102120411000308550010000005591567579679|28012025|28012025|3963,42|1|0|0|3299,76|0|0|0|0|3299,76|395,97|5817,17|651,12|12,54|||||
|C190|010|5403|12|3963,42|3299,76|395,97|5817,17|651,12|0|12,54||
|C100|1|0|SA10201393101|55|00|001|560|31250102120411000308550010000005601474757306|28012025|28012025|1672,91|1|0|0|1394,64|0|0|0|0|1394,64|167,36|2387,5|262,38|15,89|||||
|C190|010|5403|12|1672,91|1394,64|167,36|2387,5|262,38|0|15,89||
|C100|1|0|SA10201276501|55|00|001|561|31250102120411000308550010000005611943354923|28012025|28012025|1577,42|1|0|0|1417,51|0|0|0|0|1417,51|170,1|1415,78|155,29|4,62|||||
|C190|000|6102|12|587,88|587,88|70,55|0|0|0|0||
|C190|010|6403|12|989,54|829,63|99,55|1415,78|155,29|0|4,62||
|C100|1|0|SA10201276601|55|00|001|562|31250102120411000308550010000005621559369224|28012025|28012025|1526,61|1|0|0|1345,5|0|0|0|0|1345,5|161,46|1563,12|169,57|11,54|||||
|C190|000|6102|12|413,95|413,95|49,67|0|0|0|0||
|C190|010|6403|12|1112,66|931,55|111,79|1563,12|169,57|0|11,54||
|C100|1|0|SA10201276801|55|00|001|563|31250102120411000308550010000005631449623220|28012025|28012025|2050,29|1|0|0|1814,66|0|0|0|0|1814,66|217,76|2063,2|224,09|11,54|||||
|C190|000|6102|12|587,36|587,36|70,48|0|0|0|0||
|C190|010|6403|12|1462,93|1227,3|147,28|2063,2|224,09|0|11,54||
|C100|1|0|SA10201276701|55|00|001|564|31250102120411000308550010000005641466124226|28012025|28012025|1787,33|1|0|0|1571,8|0|0|0|0|1571,8|188,61|1862,94|201,68|13,85|||||
|C190|000|6102|12|458,01|458,01|54,96|0|0|0|0||
|C190|010|6403|12|1329,32|1113,79|133,65|1862,94|201,68|0|13,85||
|C100|1|0|SA10201389101|55|00|001|565|31250102120411000308550010000005651644924921|28012025|28012025|1882,16|1|0|0|1693,88|0|0|0|0|1693,88|203,26|1613,09|174,43|13,85|||||
|C190|000|6102|12|727,85|727,85|87,34|0|0|0|0||
|C190|010|6403|12|1154,31|966,03|115,92|1613,09|174,43|0|13,85||
|C100|1|0|SA10200470101|55|00|001|566|31250102120411000308550010000005661503490019|28012025|28012025|6426,73|1|0|0|5364,56|0|0|0|0|5364,56|643,75|6997,84|1039,05|23,12|||||
|C190|010|6403|12|5232,73|4170,56|500,47|6997,84|1039,05|0|23,12||
|C190|000|6102|12|1194|1194|143,28|0|0|0|0||
|C100|1|0|SA10200470101|55|00|001|567|31250102120411000308550010000005671625171250|28012025|28012025|318,36|2|0|0|254,4|0|0|0|0|254,4|30,53|429,48|63,96|0|||||
|C190|010|6910|12|318,36|254,4|30,53|429,48|63,96|0|0||
|C100|1|0|SA10200865301|55|00|001|568|31250102120411000308550010000005681420075930|28012025|28012025|2388,07|1|0|0|2085,6|0|0|0|0|2085,6|250,27|2327,81|302,47|0|||||
|C190|010|6403|12|1317,73|1053|126,36|1777,67|264,73|0|0||
|C190|070|6403|12|1070,34|1032,6|123,91|550,14|37,74|37,74|0||
|C100|1|0|SA10200865301|55|00|001|569|31250102120411000308550010000005691770102942|28012025|28012025|124,57|2|0|0|97,92|0|0|0|0|97,92|11,75|160,11|23,47|3,18|||||
|C190|010|6910|12|124,57|97,92|11,75|160,11|23,47|0|3,18||
|C100|1|0|SA10201293501|55|00|001|570|31250102120411000308550010000005701351349257|28012025|28012025|1727,46|1|0|0|1516|0|0|0|0|1516|181,92|1941,98|204,66|6,8|||||
|C190|010|6403|12|1418,82|1207,36|144,89|1941,98|204,66|0|6,8||
|C190|000|6102|12|308,64|308,64|37,03|0|0|0|0||
|C100|1|0|SA10200597201|55|00|001|571|31250102120411000308550010000005711670443355|28012025|28012025|3564,19|1|0|0|3029,4|0|0|0|0|3029,4|363,53|4990,66|534,79|0|||||
|C190|010|5403|12|3564,19|3029,4|363,53|4990,66|534,79|0|0||
|C100|1|0|SA10200597201|55|00|001|572|31250102120411000308550010000005721401460304|28012025|28012025|79,5|2|0|0|67,8|0|0|0|0|67,8|8,14|110,22|11,7|0|||||
|C190|010|5910|12|79,5|67,8|8,14|110,22|11,7|0|0||
|C100|1|0|SA10201293701|55|00|001|573|31250102120411000308550010000005731667767000|28012025|28012025|1061,22|1|0|0|940,32|0|0|0|0|940,32|112,84|1070,48|115,26|5,64|||||
|C190|000|6102|12|295,2|295,2|35,42|0|0|0|0||
|C190|010|6403|12|766,02|645,12|77,42|1070,48|115,26|0|5,64||
|C100|1|0|SA10201306601|55|00|001|574|31250102120411000308550010000005741713584674|28012025|28012025|2076,36|1|0|0|1817,88|0|0|0|0|1817,88|218,14|2324,31|254,26|4,22|||||
|C190|010|6403|12|1626,12|1367,64|164,11|2324,31|254,26|0|4,22||
|C190|000|6102|12|450,24|450,24|54,03|0|0|0|0||
|C100|1|0|SA10201305601|55|00|001|575|31250102120411000308550010000005751317732007|28012025|28012025|1081,73|1|0|0|946,36|0|0|0|0|946,36|113,56|1272,85|134,16|1,21|||||
|C190|010|6403|12|926,69|791,32|94,95|1272,85|134,16|0|1,21||
|C190|000|6102|12|155,04|155,04|18,61|0|0|0|0||
|C100|1|0|SA10201305501|55|00|001|576|31250102120411000308550010000005761781672090|28012025|28012025|1357,54|1|0|0|1218,6|0|0|0|0|1218,6|146,23|1269,39|136,11|2,83|||||
|C190|010|6403|12|908,74|769,8|92,38|1269,39|136,11|0|2,83||
|C190|000|6102|12|448,8|448,8|53,85|0|0|0|0||
|C100|1|0|SA10200808001|55|00|001|577|31250102120411000308550010000005771596151302|28012025|28012025|4039,49|1|0|0|3474|0|0|0|0|3474|416,88|5457,59|565,49|0|||||
|C190|010|5403|12|4039,49|3474|416,88|5457,59|565,49|0|0||
|C100|1|0|SA10200721201|55|00|001|578|31250102120411000308550010000005781105124900|28012025|28012025|2966,79|1|0|0|2764,38|0|0|0|0|2764,38|331,72|1844,82|196,19|6,22|||||
|C190|010|6403|12|1334,79|1132,38|135,88|1844,82|196,19|0|6,22||
|C190|000|6102|12|1632|1632|195,84|0|0|0|0||
|C100|1|0|SA10200721201|55|00|001|579|31250102120411000308550010000005791366934733|28012025|28012025|250,56|2|0|0|250,56|0|0|0|0|250,56|30,07|0|0|0|||||
|C190|000|6910|12|250,56|250,56|30,07|0|0|0|0||
|C100|1|0|SA10201391601|55|00|001|580|31250102120411000308550010000005801919649566|28012025|28012025|16648,41|1|0|0|14215,8|0|0|0|0|14215,8|1705,9|22991,74|2432,61|0|||||
|C190|010|5403|12|16648,41|14215,8|1705,9|22991,74|2432,61|0|0||
|C100|1|0|SA10201391601|55|00|001|581|31250102120411000308550010000005811651191326|28012025|28012025|795,04|2|0|0|678|0|0|0|0|678|81,36|1102,22|117,04|0|||||
|C190|010|5910|12|795,04|678|81,36|1102,22|117,04|0|0||
|C100|1|0|SA10200774201|55|00|001|582|31250102120411000308550010000005821394701280|28012025|28012025|1937,81|1|0|0|1668,14|0|0|0|0|1668,14|200,18|2375,52|260,12|9,55|||||
|C190|010|6403|12|1665,17|1395,5|167,47|2375,52|260,12|0|9,55||
|C190|000|6102|12|272,64|272,64|32,71|0|0|0|0||
|C100|1|0|SA10201293401|55|00|001|583|31250102120411000308550010000005831986870203|28012025|28012025|2140,48|1|0|0|1892,04|0|0|0|0|1892,04|227,04|2203,26|241,6|6,84|||||
|C190|000|6102|12|600,48|600,48|72,06|0|0|0|0||
|C190|010|6403|12|1540|1291,56|154,98|2203,26|241,6|0|6,84||
|C100|1|0|SA10201306401|55|00|001|584|31250102120411000308550010000005841517101549|28012025|28012025|1189,47|1|0|0|1052,8|0|0|0|0|1052,8|126,33|1211,44|128,77|7,9|||||
|C190|010|6403|12|880,83|744,16|89,29|1211,44|128,77|0|7,9||
|C190|000|6102|12|308,64|308,64|37,04|0|0|0|0||
|C100|1|0|SA10201293801|55|00|001|585|31250102120411000308550010000005851741088019|28012025|28012025|1139,81|1|0|0|986,82|0|0|0|0|986,82|118,42|1358,8|144,76|8,23|||||
|C190|010|6403|12|984,77|831,78|99,82|1358,8|144,76|0|8,23||
|C190|000|6102|12|155,04|155,04|18,6|0|0|0|0||
|C100|1|0|SA10201294101|55|00|001|586|31250102120411000308550010000005861942296538|28012025|28012025|1906,26|1|0|0|1732,02|0|0|0|0|1732,02|207,84|1607,78|170,43|3,81|||||
|C190|010|6403|12|1165,62|991,38|118,97|1607,78|170,43|0|3,81||
|C190|000|6102|12|740,64|740,64|88,87|0|0|0|0||
|C100|1|0|SA10201294201|55|00|001|587|31250102120411000308550010000005871892189803|28012025|28012025|1954,69|1|0|0|1775,7|0|0|0|0|1775,7|213,08|1585,01|168,95|10,04|||||
|C190|010|6403|12|1148,65|969,66|116,35|1585,01|168,95|0|10,04||
|C190|000|6102|12|806,04|806,04|96,73|0|0|0|0||
|C100|1|0|SA10201294301|55|00|001|588|31250102120411000308550010000005881711580588|28012025|28012025|1638,83|1|0|0|1462,2|0|0|0|0|1462,2|175,46|1640,25|175,42|1,21|||||
|C190|010|6403|12|1175,15|998,52|119,82|1640,25|175,42|0|1,21||
|C190|000|6102|12|463,68|463,68|55,64|0|0|0|0||
|C100|1|0|SA10201385401|55|00|001|589|31250102120411000308550010000005891367685539|28012025|28012025|1516,38|1|0|0|1294,1|0|0|0|0|1294,1|155,29|1944,57|211,55|10,73|||||
|C190|000|6102|12|140,16|140,16|16,82|0|0|0|0||
|C190|010|6403|12|1376,22|1153,94|138,47|1944,57|211,55|0|10,73||
|C100|1|0|SA10201306301|55|00|001|590|31250102120411000308550010000005901298516207|28012025|28012025|806,85|1|0|0|681,48|0|0|0|0|681,48|81,78|1126,16|120,93|4,44|||||
|C190|010|6403|12|806,85|681,48|81,78|1126,16|120,93|0|4,44||
|C100|1|0|SA10201305801|55|00|001|591|31250102120411000308550010000005911182099755|28012025|28012025|2179,64|1|0|0|1936,12|0|0|0|0|1936,12|232,33|2201,82|236,45|7,07|||||
|C190|010|6403|12|1575,8|1332,28|159,87|2201,82|236,45|0|7,07||
|C190|000|6102|12|603,84|603,84|72,46|0|0|0|0||
|C100|1|0|SA10201306201|55|00|001|592|31250102120411000308550010000005921631336500|28012025|28012025|1615,34|1|0|0|1438,2|0|0|0|0|1438,2|172,58|1605,9|171,72|5,42|||||
|C190|010|6403|12|1155,02|977,88|117,34|1605,9|171,72|0|5,42||
|C190|000|6102|12|460,32|460,32|55,24|0|0|0|0||
|C100|1|0|SA10200545901|55|00|001|593|31250102120411000308550010000005931318379465|28012025|28012025|5267,34|1|0|0|4669,56|0|0|0|0|4669,56|560,35|5309,36|589,5|8,28|||||
|C190|000|6102|12|1618,08|1618,08|194,17|0|0|0|0||
|C190|010|6403|12|3649,26|3051,48|366,18|5309,36|589,5|0|8,28||
|C100|1|0|SA10201402901|55|00|001|594|31250102120411000308550010000005941849918666|30012025|30012025|55433,46|1|0|0|55433,46|0|0|0|0|55433,46|6652,02|0|0|0|||||
|C190|000|5102|12|55433,46|55433,46|6652,02|0|0|0|0||
|C100|1|0|SA10201402901|55|00|001|595|31250102120411000308550010000005951806893952|30012025|30012025|55097,64|1|0|0|55097,64|0|0|0|0|55097,64|6611,72|0|0|0|||||
|C190|000|5102|12|55097,64|55097,64|6611,72|0|0|0|0||
|C100|1|0|SA10201151001|55|00|001|596|31250102120411000308550010000005961676397915|30012025|30012025|62282,88|1|0|0|54836,04|0|0|0|0|54836,04|6580,32|68200,49|7279,76|167,08|||||
|C190|010|6403|12|49082,88|41636,04|4996,32|68200,49|7279,76|0|167,08||
|C190|000|6102|12|13200|13200|1584|0|0|0|0||
|C100|1|0|SA10201200401|55|00|001|597|31250102120411000308550010000005971139908527|30012025|30012025|45882,96|1|0|0|39531,96|0|0|0|0|39531,96|4743,83|56355,13|6090,94|260,06|||||
|C190|010|6403|12|40125,84|33774,84|4052,98|56355,13|6090,94|0|260,06||
|C190|000|6102|12|5757,12|5757,12|690,85|0|0|0|0||
|C100|1|0|SA10201151001|55|00|001|598|31250102120411000308550010000005981238985098|30012025|30012025|4015,68|2|0|0|4015,68|0|0|0|0|4015,68|481,88|0|0|0|||||
|C190|000|6910|12|4015,68|4015,68|481,88|0|0|0|0||
|C100|1|0|SA10201261801|55|00|001|599|31250102120411000308550010000005991799470590|30012025|30012025|12772,77|1|0|0|10770,6|0|0|0|0|10770,6|1292,47|17935,42|1935,9|66,27|||||
|C190|010|5403|12|12772,77|10770,6|1292,47|17935,42|1935,9|0|66,27||
|C100|1|0|SA10201024601|55|00|001|600|31250102120411000308550010000006001112082463|30012025|30012025|21794,6|1|0|0|21724,34|0|0|0|0|21724,34|2606,92|0|0|70,26|||||
|C190|010|5403|12|21794,6|21724,34|2606,92|0|0|0|70,26||
|C100|1|0|SA10200825701|55|00|001|601|31250102120411000308550010000006011808382199|30012025|30012025|8861,33|1|0|0|7378,28|0|0|0|0|7378,28|885,39|10218,47|1478,87|4,18|||||
|C190|010|6403|12|7191,34|5744,48|689,34|9691,02|1442,68|0|4,18||
|C190|000|6102|12|643,8|643,8|77,25|0|0|0|0||
|C190|070|6403|12|1026,19|990|118,8|527,45|36,19|36,19|0||
|C100|1|0|SA10200825701|55|00|001|602|31250102120411000308550010000006021456003470|30012025|30012025|324,65|2|0|0|313,2|0|0|0|0|313,2|37,58|166,86|11,45|0|||||
|C190|070|6910|12|324,65|313,2|37,58|166,86|11,45|11,45|0||
|C100|1|0|SA10200825801|55|00|001|603|31250102120411000308550010000006031303095294|30012025|30012025|18284,81|1|0|0|17640|0|0|0|0|17640|2116,8|9398,06|644,81|0|||||
|C190|070|6403|12|18284,81|17640|2116,8|9398,06|644,81|644,81|0||
|C100|1|0|SA10200825801|55|00|001|604|31250102120411000308550010000006041307534362|30012025|30012025|973,95|2|0|0|939,6|0|0|0|0|939,6|112,75|500,59|34,35|0|||||
|C190|070|6910|12|973,95|939,6|112,75|500,59|34,35|34,35|0||
|C100|1|0|SA10200769801|55|00|001|605|31250102120411000308550010000006051817716290|30012025|30012025|1377,68|1|0|0|1203,76|0|0|0|0|1203,76|144,45|1582,36|171,57|2,35|||||
|C190|010|6403|12|1117,68|943,76|113,25|1582,36|171,57|0|2,35||
|C190|000|6102|12|260|260|31,2|0|0|0|0||
|C100|1|0|SA10201057001|55|00|001|606|31250102120411000308550010000006061863077340|30012025|30012025|12794,22|1|0|0|10805,04|0|0|0|0|10805,04|1296,6|18254,4|1989,18|0|||||
|C190|010|5403|12|12794,22|10805,04|1296,6|18254,4|1989,18|0|0||
|C100|1|0|SA10201057001|55|00|001|607|31250102120411000308550010000006071536803266|30012025|30012025|397,52|2|0|0|339|0|0|0|0|339|40,68|551,11|58,52|0|||||
|C190|010|5910|12|397,52|339|40,68|551,11|58,52|0|0||
|C100|1|0|SA10201396001|55|00|001|608|31250102120411000308550010000006081466752177|30012025|30012025|2579,5|1|0|0|2235|0|0|0|0|2235|268,2|3403,91|344,5|0|||||
|C190|010|6403|12|2579,5|2235|268,2|3403,91|344,5|0|0||
|C100|1|0|SA10201381901|55|00|001|609|31250102120411000308550010000006091881461468|30012025|30012025|5293,44|1|0|0|4230|0|0|0|0|4230|507,6|7141,09|1063,44|0|||||
|C190|010|6403|12|5293,44|4230|507,6|7141,09|1063,44|0|0||
|C100|1|0|SA10200596101|55|00|001|610|31250102120411000308550010000006101660745294|30012025|30012025|1398,83|1|0|0|1180,62|0|0|0|0|1180,62|141,67|1999,33|218,21|0|||||
|C190|010|5403|12|1398,83|1180,62|141,67|1999,33|218,21|0|0||
|C100|1|0|SA10201381901|55|00|001|611|31250102120411000308550010000006111297166425|30012025|30012025|264,67|2|0|0|211,5|0|0|0|0|211,5|25,38|357,05|53,17|0|||||
|C190|010|6910|12|264,67|211,5|25,38|357,05|53,17|0|0||
|C100|1|0|SA10200859901|55|00|001|612|31250102120411000308550010000006121676216649|30012025|30012025|11174,56|1|0|0|9549,16|0|0|0|0|9549,16|1145,9|14668,65|1593,16|32,24|||||
|C190|000|6102|12|822,48|822,48|98,7|0|0|0|0||
|C190|010|6403|12|10352,08|8726,68|1047,2|14668,65|1593,16|0|32,24||
|C100|1|0|SA10200859901|55|00|001|613|31250102120411000308550010000006131411112494|30012025|30012025|578,55|2|0|0|483,84|0|0|0|0|483,84|58,06|761,38|78,99|15,72|||||
|C190|070|6910|12|578,55|483,84|58,06|761,38|78,99|78,99|15,72||
|C100|1|0|SA10201238501|55|00|001|634|31250102120411000308550010000006341239329885|31012025|31012025|8426,34|1|0|0|8417,84|0|0|0|0|8417,84|1010,14|0|0|8,5|||||
|C190|000|6102|12|8426,34|8417,84|1010,14|0|0|0|8,5||
|C100|1|0|SA10201225701|55|00|001|635|31250102120411000308550010000006351426488190|31012025|31012025|8269,08|1|0|0|8269,08|0|0|0|0|8269,08|992,29|0|0|0|||||
|C190|000|6102|12|8269,08|8269,08|992,29|0|0|0|0||
|C100|1|0|SA10201225701|55|00|001|636|31250102120411000308550010000006361342359079|31012025|31012025|584,4|2|0|0|584,4|0|0|0|0|584,4|70,13|0|0|0|||||
|C190|000|6910|12|584,4|584,4|70,13|0|0|0|0||
|C100|1|0|SA10201306701|55|00|001|637|31250102120411000308550010000006371926297143|31012025|31012025|2528,13|1|0|0|2306,28|0|0|0|0|2306,28|276,75|2074,43|219,83|2,02|||||
|C190|000|6102|12|1199,4|1199,4|143,93|0|0|0|0||
|C190|010|6403|12|1328,73|1106,88|132,82|2074,43|219,83|0|2,02||
|C100|1|0|SA10201415601|55|00|001|638|31250102120411000308550010000006381264492041|31012025|31012025|2939,33|1|0|0|2475,24|0|0|0|0|2475,24|297,03|4414,75|453,48|10,61|||||
|C190|010|6403|12|2939,33|2475,24|297,03|4414,75|453,48|0|10,61||
|C100|1|0|SA10200878701|55|00|001|639|31250102120411000308550010000006391150031913|31012025|31012025|10990,8|1|0|0|10990,8|0|0|0|0|10990,8|1318,89|0|0|0|||||
|C190|000|6102|12|10990,8|10990,8|1318,89|0|0|0|0||
|C100|1|0|SA10201030901|55|00|001|640|31250102120411000308550010000006401233649346|31012025|31012025|4617,78|1|0|0|4617,78|0|0|0|0|4617,78|554,13|0|0|0|||||
|C190|000|6102|12|4617,78|4617,78|554,13|0|0|0|0||
|C100|1|0|SA10201267801|55|00|001|641|31250102120411000308550010000006411521599945|31012025|31012025|15251,77|1|0|0|15237,24|0|0|0|0|15237,24|1828,47|0|0|14,53|||||
|C190|000|6102|12|15251,77|15237,24|1828,47|0|0|0|14,53||
|C100|1|0|SA10201447601|55|00|001|642|31250102120411000308550010000006421491175287|31012025|31012025|2266,88|1|0|0|2067|0|0|0|0|2067|248,04|1821,67|199,88|0|||||
|C190|010|6403|12|1114,88|915|109,8|1821,67|199,88|0|0||
|C190|000|6102|12|1152|1152|138,24|0|0|0|0||
|C100|1|0|SA10200703801|55|00|001|643|31250102120411000308550010000006431725915874|31012025|31012025|1814,68|1|0|0|1579,86|0|0|0|0|1579,86|189,58|2171,04|225,64|9,18|||||
|C190|010|6403|12|1430,08|1195,26|143,43|2171,04|225,64|0|9,18||
|C190|000|6102|12|384,6|384,6|46,15|0|0|0|0||
|C100|1|0|SA10201307701|55|00|001|644|31250102120411000308550010000006441186109980|31012025|31012025|1320,54|1|0|0|1292,46|0|0|0|0|1292,46|155,1|225,45|28,08|0|||||
|C190|000|6102|12|1160,16|1160,16|139,22|0|0|0|0||
|C190|010|6403|12|160,38|132,3|15,88|225,45|28,08|0|0||
|C100|1|0|SA10201425301|55|00|001|645|31250102120411000308550010000006451954001816|31012025|31012025|4184,4|1|0|0|4184,4|0|0|0|0|4184,4|502,13|0|0|0|||||
|C190|000|6102|12|4184,4|4184,4|502,13|0|0|0|0||
|C100|1|0|SA10200982601|55|00|001|646|31250102120411000308550010000006461434179103|31012025|31012025|1910,71|1|0|0|1685,6|0|0|0|0|1685,6|202,27|1984,67|205,16|19,95|||||
|C190|000|6102|12|583,68|583,68|70,04|0|0|0|0||
|C190|010|6403|12|1327,03|1101,92|132,23|1984,67|205,16|0|19,95||
|C100|1|0|SA10201262701|55|00|001|647|31250102120411000308550010000006471270378009|31012025|31012025|1419,85|1|0|0|1279,36|0|0|0|0|1279,36|153,52|1231,16|125,81|14,68|||||
|C190|000|6102|12|583,68|583,68|70,04|0|0|0|0||
|C190|010|6403|12|836,17|695,68|83,48|1231,16|125,81|0|14,68||
|C100|1|0|SA10201446801|55|00|001|648|31250102120411000308550010000006481918418151|31012025|31012025|2509,68|1|0|0|2509,68|0|0|0|0|2509,68|301,16|0|0|0|||||
|C190|000|6102|12|2509,68|2509,68|301,16|0|0|0|0||
|C100|1|0|SA10201446801|55|00|001|649|31250102120411000308550010000006491531377196|31012025|31012025|774|2|0|0|774|0|0|0|0|774|92,88|0|0|0|||||
|C190|000|6910|12|774|774|92,88|0|0|0|0||
|C100|1|0|SA10201423301|55|00|001|650|31250102120411000308550010000006501800259821|31012025|31012025|3119,08|1|0|0|2711,16|0|0|0|0|2711,16|325,33|3147,69|393,7|14,22|||||
|C190|010|6403|12|2242,18|1834,26|220,09|3147,69|393,7|0|14,22||
|C190|000|6102|12|876,9|876,9|105,24|0|0|0|0||
|C100|1|0|SA10201391201|55|00|001|651|31250102120411000308550010000006511620018998|31012025|31012025|3783,81|1|0|0|3227,88|0|0|0|0|3227,88|387,34|5196,13|548,42|7,51|||||
|C190|010|6403|12|3347,01|2791,08|334,92|5196,13|548,42|0|7,51||
|C190|000|6102|12|436,8|436,8|52,42|0|0|0|0||
|C100|1|0|SA10201345401|55|00|001|652|31250102120411000308550010000006521491612144|31012025|31012025|1934,83|1|0|0|1647,12|0|0|0|0|1647,12|197,65|2593,41|279,17|8,54|||||
|C190|000|6102|12|299,52|299,52|35,94|0|0|0|0||
|C190|010|6403|12|1635,31|1347,6|161,71|2593,41|279,17|0|8,54||
|C100|1|0|SA10201336001|55|00|001|653|31250102120411000308550010000006531730920348|31012025|31012025|2461,7|1|0|0|2072,4|0|0|0|0|2072,4|248,69|3720,87|383,86|5,44|||||
|C190|010|6403|12|2461,7|2072,4|248,69|3720,87|383,86|0|5,44||
|C100|1|0|SA10201213601|55|00|001|654|31250102120411000308550010000006541136196141|31012025|31012025|1860,13|1|0|0|1600,32|0|0|0|0|1600,32|192,04|2402,33|252,3|7,51|||||
|C190|010|6403|12|1560,61|1300,8|156,09|2402,33|252,3|0|7,51||
|C190|000|6102|12|299,52|299,52|35,95|0|0|0|0||
|C100|1|0|SA10200294201|55|00|001|655|31250102120411000308550010000006551458242980|31012025|31012025|9351,79|1|0|0|7840,14|0|0|0|0|7840,14|940,82|13999,86|1491,71|19,94|||||
|C190|010|6403|12|8913,79|7402,14|888,26|13999,86|1491,71|0|19,94||
|C190|000|6102|12|438|438|52,56|0|0|0|0||
|C100|1|0|SA10201012301|55|00|001|656|31250102120411000308550010000006561203143738|31012025|31012025|1414,34|1|0|0|1257,12|0|0|0|0|1257,12|150,85|1376,17|140,34|16,88|||||
|C190|000|6102|12|477|477|57,24|0|0|0|0||
|C190|010|6403|12|937,34|780,12|93,61|1376,17|140,34|0|16,88||
|C100|1|0|SA10201229001|55|00|001|657|31250102120411000308550010000006571241715007|31012025|31012025|10958,84|1|0|0|10440,48|0|0|0|0|10440,48|1252,86|4724,17|518,36|0|||||
|C190|000|6102|12|8067,6|8067,6|968,11|0|0|0|0||
|C190|010|6403|12|2891,24|2372,88|284,75|4724,17|518,36|0|0||
|C100|1|0|SA10200883301|55|00|001|658|31250102120411000308550010000006581770595223|31012025|31012025|2402,53|1|0|0|1981,8|0|0|0|0|1981,8|237,82|3377,18|420,73|0|||||
|C190|010|6403|12|2402,53|1981,8|237,82|3377,18|420,73|0|0||
|C100|1|0|SA10200883301|55|00|001|659|31250102120411000308550010000006591679754141|31012025|31012025|122,27|2|0|0|97,92|0|0|0|0|97,92|11,75|168,81|21,17|3,18|||||
|C190|010|6910|12|122,27|97,92|11,75|168,81|21,17|0|3,18||
|C100|1|0|SA10200832001|55|00|001|660|31250102120411000308550010000006601159240942|31012025|31012025|3225|1|0|0|3225|0|0|0|0|3225|387|0|0|0|||||
|C190|000|6102|12|3225|3225|387|0|0|0|0||
|C100|1|0|SA10201144901|55|00|001|661|31250102120411000308550010000006611831655803|31012025|31012025|3481,2|1|0|0|3481,2|0|0|0|0|3481,2|417,74|0|0|0|||||
|C190|000|6102|12|3481,2|3481,2|417,74|0|0|0|0||
|C100|1|0|SA10201003201|55|00|001|662|31250102120411000308550010000006621986843945|31012025|31012025|4399,72|1|0|0|4384,8|0|0|0|0|4384,8|526,18|0|0|14,92|||||
|C190|000|6102|12|4399,72|4384,8|526,18|0|0|0|14,92||
|C100|1|0|SA10200878701|55|00|001|663|31250102120411000308550010000006631971025980|31012025|31012025|659,4|2|0|0|659,4|0|0|0|0|659,4|79,13|0|0|0|||||
|C190|000|6910|12|659,4|659,4|79,13|0|0|0|0||
|C100|1|0|SA10201258401|55|00|001|664|31250102120411000308550010000006641866811188|31012025|31012025|5842,56|1|0|0|5842,56|0|0|0|0|5842,56|701,11|0|0|0|||||
|C190|000|6102|12|5842,56|5842,56|701,11|0|0|0|0||
|C990|1111|
|D001|0|
|D100|0|1|SA20200742701|57|00|112||11325|31241201610798000407571120000113251828284957|16122024|08012025|0||267,69|0|0|267,69|0|0|267,69||340104001|3125101|4118402|
|D190|040|2353|0|267,69|0|0|0||
|D100|0|1|SA20200742701|57|00|112||11326|31241201610798000407571120000113261636084035|16122024|08012025|0||256,82|0|0|256,82|0|0|256,82||340104001|3125101|4314902|
|D190|040|2353|0|256,82|0|0|0||
|D100|0|1|SA20200742701|57|00|112||11327|31241201610798000407571120000113271562378658|16122024|08012025|0||310,31|0|0|310,31|0|0|310,31||340104001|3125101|4315602|
|D190|040|2353|0|310,31|0|0|0||
|D100|0|1|SA20200742701|57|00|112||11328|31241201610798000407571120000113281275369433|16122024|08012025|0||601,56|0|0|601,56|0|0|601,56||340104001|3125101|4306809|
|D190|040|2353|0|601,56|0|0|0||
|D100|0|1|SA20200742701|57|00|112||11329|31241201610798000407571120000113291802631624|16122024|08012025|0||297,47|0|0|297,47|0|0|297,47||340104001|3125101|4314407|
|D190|040|2353|0|297,47|0|0|0||
|D100|0|1|SA20200742701|57|00|112||11330|31241201610798000407571120000113301529036064|16122024|08012025|0||263,42|0|0|263,42|0|0|263,42||340104001|3125101|4300604|
|D190|040|2353|0|263,42|0|0|0||
|D100|0|1|SA20200742701|57|00|112||11331|31241201610798000407571120000113311544320158|16122024|08012025|0||417,39|0|0|417,39|0|0|417,39||340104001|3125101|4314902|
|D190|040|2353|0|417,39|0|0|0||
|D100|0|1|SA20200742701|57|00|112||11332|31241201610798000407571120000113321446822601|16122024|08012025|0||647,17|0|0|647,17|0|0|647,17||340104001|3125101|4103701|
|D190|040|2353|0|647,17|0|0|0||
|D100|0|1|SA20200742701|57|00|112||11333|31241201610798000407571120000113331193246770|16122024|08012025|0||513,33|0|0|513,33|0|0|513,33||340104001|3125101|4308805|
|D190|040|2353|0|513,33|0|0|0||
|D100|0|1|SA20200742701|57|00|112||11334|31241201610798000407571120000113341218552736|16122024|08012025|0||483,91|0|0|483,91|0|0|483,91||340104001|3125101|4119905|
|D190|040|2353|0|483,91|0|0|0||
|D100|0|1|SA20200742701|57|00|112||11335|31241201610798000407571120000113351942375164|16122024|08012025|0||481,67|0|0|481,67|0|0|481,67||340104001|3125101|4218004|
|D190|040|2353|0|481,67|0|0|0||
|D100|0|1|SA20200742701|57|00|112||11336|31241201610798000407571120000113361807606584|16122024|08012025|0||376,41|0|0|376,41|0|0|376,41||340104001|3125101|4106902|
|D190|040|2353|0|376,41|0|0|0||
|D100|0|1|SA20200742701|57|00|112||11337|31241201610798000407571120000113371451734355|16122024|08012025|0||479,58|0|0|479,58|0|0|479,58||340104001|3125101|4119905|
|D190|040|2353|0|479,58|0|0|0||
|D100|0|1|SA20200742701|57|00|112||11392|31241201610798000407571120000113921766871873|18122024|08012025|1||225,3|0|0|225,3|0|0|225,3||340104001|3125101|4315602|
|D190|040|2353|0|225,3|0|0|0||
|D100|0|1|SA20200742701|57|00|112||11393|31241201610798000407571120000113931271024650|18122024|08012025|1||231,36|0|0|231,36|0|0|231,36||340104001|3125101|4314407|
|D190|040|2353|0|231,36|0|0|0||
|D100|0|1|SA20200400501|57|00|000||645679|35241204799398000471570000006456791006456796|16122024|09012025|0||205,64|0|0|205,64|205,64|24,68|0||340104001|3504107|3106200|
|D190|000|2353|12|205,64|205,64|24,68|0||
|D100|0|1|SA20200400501|57|00|000||646624|35241204799398000471570000006466241006466240|20122024|09012025|1||9,94|0|0|9,94|9,94|1,19|0||340104001|3504107|3106200|
|D190|000|2353|12|9,94|9,94|1,19|0||
|D100|0|1|SA20200745501|57|00|001||11722|31241210735910000176570010000117221037416620|16122024|09012025|0||98,57|0|0|98,57|0|0|0||340104001|3125101|3118601|
|D190|040|1353|0|98,57|0|0|0||
|D100|0|1|SA20200742701|57|00|112||11418|31241201610798000407571120000114181062533600|19122024|09012025|0||441,64|0|0|441,64|0|0|441,64||340104001|3125101|4304507|
|D190|040|2353|0|441,64|0|0|0||
|D100|0|1|SA20200742701|57|00|112||11419|31241201610798000407571120000114191383264287|19122024|09012025|0||441,96|0|0|441,96|0|0|441,96||340104001|3125101|4303509|
|D190|040|2353|0|441,96|0|0|0||
|D100|0|1|SA20200742701|57|00|112||11420|31241201610798000407571120000114201479731960|19122024|09012025|0||281,68|0|0|281,68|0|0|281,68||340104001|3125101|4317202|
|D190|040|2353|0|281,68|0|0|0||
|D100|0|1|SA20200742701|57|00|112||11421|31241201610798000407571120000114211523645650|19122024|09012025|0||256,82|0|0|256,82|0|0|256,82||340104001|3125101|4314902|
|D190|040|2353|0|256,82|0|0|0||
|D100|0|1|SA20200742701|57|00|112||11422|31241201610798000407571120000114221362380160|19122024|09012025|0||264,18|0|0|264,18|0|0|264,18||340104001|3125101|4211306|
|D190|040|2353|0|264,18|0|0|0||
|D100|0|1|SA20200742701|57|00|112||11423|31241201610798000407571120000114231984750316|19122024|09012025|0||281,52|0|0|281,52|0|0|281,52||340104001|3125101|4305108|
|D190|040|2353|0|281,52|0|0|0||
|D100|0|1|SA20200742701|57|00|112||11424|31241201610798000407571120000114241887748113|19122024|09012025|0||448,58|0|0|448,58|0|0|448,58||340104001|3125101|4314407|
|D190|040|2353|0|448,58|0|0|0||
|D100|0|1|SA20200742701|57|00|112||11425|31241201610798000407571120000114251040716889|19122024|09012025|0||269,11|0|0|269,11|0|0|269,11||340104001|3125101|4108304|
|D190|040|2353|0|269,11|0|0|0||
|D100|0|1|SA20200742701|57|00|112||11426|31241201610798000407571120000114261646989982|19122024|09012025|0||430,96|0|0|430,96|0|0|430,96||340104001|3125101|4206504|
|D190|040|2353|0|430,96|0|0|0||
|D100|0|1|SA20200742701|57|00|112||11427|31241201610798000407571120000114271160021920|19122024|09012025|0||256,82|0|0|256,82|0|0|256,82||340104001|3125101|4314902|
|D190|040|2353|0|256,82|0|0|0||
|D100|0|1|SA20200742701|57|00|112||11428|31241201610798000407571120000114281321826701|19122024|09012025|0||256,82|0|0|256,82|0|0|256,82||340104001|3125101|4314902|
|D190|040|2353|0|256,82|0|0|0||
|D100|0|1|SA20200742701|57|00|112||11429|31241201610798000407571120000114291126509465|19122024|09012025|0||442,56|0|0|442,56|0|0|442,56||340104001|3125101|4314407|
|D190|040|2353|0|442,56|0|0|0||
|D100|0|1|SA20200742701|57|00|112||11430|31241201610798000407571120000114301509268615|19122024|09012025|0||488,49|0|0|488,49|0|0|488,49||340104001|3125101|4213708|
|D190|040|2353|0|488,49|0|0|0||
|D100|0|1|SA20200742701|57|00|112||11431|31241201610798000407571120000114311240272868|19122024|09012025|0||512,76|0|0|512,76|0|0|512,76||340104001|3125101|4101507|
|D190|040|2353|0|512,76|0|0|0||
|D100|0|1|SA20200742701|57|00|112||11432|31241201610798000407571120000114321408572160|19122024|09012025|0||566,29|0|0|566,29|0|0|566,29||340104001|3125101|4306809|
|D190|040|2353|0|566,29|0|0|0||
|D100|0|1|SA20200215401|57|00|007||134018|35241208186591000307570070001340181000042877|09122024|10012025|0||187,53|0|0|187,53|187,53|22,5|0||340104001|3518800|3304557|
|D190|000|2353|12|187,53|187,53|22,5|0||
|D100|0|1|SA20200215401|57|00|007||134020|35241208186591000307570070001340201000042891|09122024|10012025|0||124,44|0|0|124,44|124,44|14,93|0||340104001|3518800|3304557|
|D190|000|2353|12|124,44|124,44|14,93|0||
|D100|0|1|SA20200215401|57|00|007||134022|35241208186591000307570070001340221000042918|09122024|10012025|0||194,4|0|0|194,4|194,4|23,33|0||340104001|3518800|3303500|
|D190|000|2353|12|194,4|194,4|23,33|0||
|D100|0|1|SA20200215401|57|00|007||134267|35241208186591000307570070001342671000048285|13122024|10012025|0||249,7|0|0|249,7|249,7|29,96|0||340104001|3518800|3304557|
|D190|000|2353|12|249,7|249,7|29,96|0||
|D100|0|1|SA20200215401|57|00|007||134398|35241208186591000307570070001343981000051997|16122024|10012025|0||97,66|0|0|97,66|97,66|11,72|0||340104001|3518800|3304557|
|D190|000|2353|12|97,66|97,66|11,72|0||
|D100|0|1|SA20200400501|57|00|000||643624|35241204799398000471570000006436241006436240|04122024|13012025|0||355,52|0|0|355,52|355,52|42,66|0||340104001|3504107|3127107|
|D190|000|2353|12|355,52|355,52|42,66|0||
|D100|0|1|SA20200400501|57|00|000||644068|35241204799398000471570000006440681006440686|06122024|13012025|0||766,25|0|0|766,25|766,25|91,95|0||340104001|3504107|3170206|
|D190|000|2353|12|766,25|766,25|91,95|0||
|D100|0|1|SA20200400501|57|00|000||644070|35241204799398000471570000006440701006440706|06122024|13012025|0||303,23|0|0|303,23|303,23|36,39|0||340104001|3504107|3148103|
|D190|000|2353|12|303,23|303,23|36,39|0||
|D100|0|1|SA20200400501|57|00|000||644073|35241204799398000471570000006440731006440732|06122024|13012025|0||200,24|0|0|200,24|200,24|24,03|0||340104001|3504107|3148103|
|D190|000|2353|12|200,24|200,24|24,03|0||
|D100|0|1|SA20200400501|57|00|000||644077|35241204799398000471570000006440771006440774|06122024|13012025|0||199,63|0|0|199,63|199,63|23,96|0||340104001|3504107|3148103|
|D190|000|2353|12|199,63|199,63|23,96|0||
|D100|0|1|SA20200400501|57|00|000||647681|35241204799398000471570000006476811006476816|27122024|13012025|1||45,45|0|0|45,45|45,45|5,45|0||340104001|3504107|3170206|
|D190|000|2353|12|45,45|45,45|5,45|0||
|D100|0|1|SA20200400501|57|00|000||647682|35241204799398000471570000006476821006476821|27122024|13012025|1||14,55|0|0|14,55|14,55|1,75|0||340104001|3504107|3148103|
|D190|000|2353|12|14,55|14,55|1,75|0||
|D100|0|1|SA20200400501|57|00|000||647684|35241204799398000471570000006476841006476842|27122024|13012025|1||28,41|0|0|28,41|28,41|3,41|0||340104001|3504107|3127107|
|D190|000|2353|12|28,41|28,41|3,41|0||
|D100|0|1|SA20200400501|57|00|000||645683|35241204799398000471570000006456831006456837|16122024|14012025|0||201,38|0|0|201,38|201,38|24,17|0||340104001|3504107|3169307|
|D190|000|2353|12|201,38|201,38|24,17|0||
|D100|0|1|SA20200400501|57|00|000||646802|35241204799398000471570000006468021006468026|20122024|14012025|0||180,09|0|0|180,09|180,09|21,61|0||340104001|3504107|3151701|
|D190|000|2353|12|180,09|180,09|21,61|0||
|D100|0|1|SA20200400501|57|00|000||648289|35250104799398000471570000006482891006482898|02012025|14012025|1||3,41|0|0|3,41|3,41|0,41|0||340104001|3504107|3169307|
|D190|000|2353|12|3,41|3,41|0,41|0||
|D100|0|1|SA20200296501|57|00|000||3232120|35241205209691000151570000032321201722820397|16122024|14012025|0||367,01|0|0|367,01|367,01|44,04|0||340104001|3518800|3510500|
|D190|000|2353|12|367,01|367,01|44,04|0||
|D100|0|1|SA20200296501|57|00|000||3232125|35241205209691000151570000032321251278946806|16122024|14012025|0||136,35|0|0|136,35|136,35|16,36|0||340104001|3518800|3531308|
|D190|000|2353|12|136,35|136,35|16,36|0||
|D100|0|1|SA20200296501|57|00|000||3232126|35241205209691000151570000032321261680138317|16122024|14012025|0||462,19|0|0|462,19|462,19|55,46|0||340104001|3518800|3555109|
|D190|000|2353|12|462,19|462,19|55,46|0||
|D100|0|1|SA20200296501|57|00|000||3247977|35241205209691000151570000032479771544914423|23122024|14012025|0||341,93|0|0|341,93|341,93|41,03|0||340104001|3518800|3543907|
|D190|000|2353|12|341,93|341,93|41,03|0||
|D100|0|1|SA20200296501|57|00|000||3247978|35241205209691000151570000032479781561859211|23122024|14012025|0||1278,02|0|0|1278,02|1278,02|153,36|0||340104001|3518800|3549805|
|D190|000|2353|12|1278,02|1278,02|153,36|0||
|D100|0|1|SA20200296501|57|00|000||3247979|35241205209691000151570000032479791167480141|23122024|14012025|0||383,72|0|0|383,72|383,72|46,05|0||340104001|3518800|3548609|
|D190|000|2353|12|383,72|383,72|46,05|0||
|D100|0|1|SA20200296501|57|00|000||3247980|35241205209691000151570000032479801872242222|23122024|14012025|0||410,74|0|0|410,74|410,74|49,29|0||340104001|3518800|3535606|
|D190|000|2353|12|410,74|410,74|49,29|0||
|D100|0|1|SA20200296501|57|00|000||3247982|35241205209691000151570000032479821714874400|23122024|14012025|0||461,81|0|0|461,81|461,81|55,42|0||340104001|3518800|3549904|
|D190|000|2353|12|461,81|461,81|55,42|0||
|D100|0|1|SA20200296501|57|00|000||3247983|35241205209691000151570000032479831585296926|23122024|14012025|0||486,65|0|0|486,65|486,65|58,4|0||340104001|3518800|3549904|
|D190|000|2353|12|486,65|486,65|58,4|0||
|D100|0|1|SA20200296501|57|00|000||3247984|35241205209691000151570000032479841980364790|23122024|14012025|0||486,78|0|0|486,78|486,78|58,41|0||340104001|3518800|3509700|
|D190|000|2353|12|486,78|486,78|58,41|0||
|D100|0|1|SA20200296501|57|00|000||3248979|35241205209691000151570000032489791697761215|24122024|14012025|0||387,83|0|0|387,83|387,83|46,54|0||340104001|3518800|3510500|
|D190|000|2353|12|387,83|387,83|46,54|0||
|D100|0|1|SA20200296501|57|00|000||3241587|35241205209691000151570000032415871766489254|19122024|15012025|1||33,33|0|0|33,33|33,33|4|0||340104001|3518800|3515103|
|D190|000|2353|12|33,33|33,33|4|0||
|D100|0|1|SA20200400501|57|00|000||645673|35241204799398000471570000006456731006456733|16122024|16012025|0||520,92|0|0|520,92|520,92|62,51|0||340104001|3504107|3126109|
|D190|000|2353|12|520,92|520,92|62,51|0||
|D100|0|1|SA20200400501|57|00|000||646800|35241204799398000471570000006468001006468005|20122024|16012025|0||328,85|0|0|328,85|328,85|39,46|0||340104001|3504107|3164704|
|D190|000|2353|12|328,85|328,85|39,46|0||
|D100|0|1|SA20200400501|57|00|000||646801|35241204799398000471570000006468011006468010|20122024|16012025|0||345,5|0|0|345,5|345,5|41,46|0||340104001|3504107|3170701|
|D190|000|2353|12|345,5|345,5|41,46|0||
|D100|0|1|SA20200215401|57|00|007||134395|35241208186591000307570070001343951000051960|16122024|16012025|0||277,7|0|0|277,7|277,7|33,32|0||340104001|3518800|3304557|
|D190|000|2353|12|277,7|277,7|33,32|0||
|D100|0|1|SA20200215401|57|00|007||134397|35241208186591000307570070001343971000051981|16122024|16012025|0||156,53|0|0|156,53|156,53|18,78|0||340104001|3518800|3301702|
|D190|000|2353|12|156,53|156,53|18,78|0||
|D100|0|1|SA20200215401|57|00|007||134399|35241208186591000307570070001343991000052001|16122024|16012025|0||2718,83|0|0|2718,83|2718,83|326,26|0||340104001|3518800|3301009|
|D190|000|2353|12|2718,83|2718,83|326,26|0||
|D100|0|1|SA20200215401|57|00|007||134400|35241208186591000307570070001344001000052012|16122024|16012025|0||101,39|0|0|101,39|101,39|12,17|0||340104001|3518800|3304557|
|D190|000|2353|12|101,39|101,39|12,17|0||
|D100|0|1|SA20200400501|57|00|000||648631|35250104799398000471570000006486311006486313|06012025|17012025|1||79,55|0|0|79,55|79,55|9,55|0||340104001|3504107|3126109|
|D190|000|2353|12|79,55|79,55|9,55|0||
|D100|0|1|SA20200400501|57|00|000||648632|35250104799398000471570000006486321006486329|06012025|17012025|1||11,93|0|0|11,93|11,93|1,43|0||340104001|3504107|3164704|
|D190|000|2353|12|11,93|11,93|1,43|0||
|D100|0|1|SA20200400501|57|00|000||648634|35250104799398000471570000006486341006486340|06012025|17012025|1||8,24|0|0|8,24|8,24|0,99|0||340104001|3504107|3170701|
|D190|000|2353|12|8,24|8,24|0,99|0||
|D100|0|1|SA20200400501|57|00|000||644069|35241204799398000471570000006440691006440691|06122024|21012025|0||495,3|0|0|495,3|495,3|59,44|0||340104001|3504107|3148004|
|D190|000|2353|12|495,3|495,3|59,44|0||
|D100|0|1|SA20200400501|57|00|000||644071|35241204799398000471570000006440711006440711|06122024|21012025|0||285,42|0|0|285,42|285,42|34,25|0||340104001|3504107|3104007|
|D190|000|2353|12|285,42|285,42|34,25|0||
|D100|0|1|SA20200400501|57|00|000||644072|35241204799398000471570000006440721006440727|06122024|21012025|0||199,53|0|0|199,53|199,53|23,94|0||340104001|3504107|3148004|
|D190|000|2353|12|199,53|199,53|23,94|0||
|D100|0|1|SA20200400501|57|00|000||644074|35241204799398000471570000006440741006440748|06122024|21012025|0||327,64|0|0|327,64|327,64|39,32|0||340104001|3504107|3104007|
|D190|000|2353|12|327,64|327,64|39,32|0||
|D100|0|1|SA20200400501|57|00|000||644076|35241204799398000471570000006440761006440769|06122024|21012025|0||212,25|0|0|212,25|212,25|25,47|0||340104001|3504107|3148004|
|D190|000|2353|12|212,25|212,25|25,47|0||
|D100|0|1|SA20200400501|57|00|000||644078|35241204799398000471570000006440781006440780|06122024|21012025|0||340,4|0|0|340,4|340,4|40,85|0||340104001|3504107|3148004|
|D190|000|2353|12|340,4|340,4|40,85|0||
|D100|0|1|SA20200400501|57|00|000||649276|35250104799398000471570000006492761006492768|09012025|22012025|1||9,55|0|0|9,55|9,55|1,15|0||340104001|3504107|3148004|
|D190|000|2353|12|9,55|9,55|1,15|0||
|D100|0|1|SA20200400501|57|00|000||649277|35250104799398000471570000006492771006492773|09012025|22012025|1||19,55|0|0|19,55|19,55|2,35|0||340104001|3504107|3148004|
|D190|000|2353|12|19,55|19,55|2,35|0||
|D100|0|1|SA20200400501|57|00|000||649278|35250104799398000471570000006492781006492789|09012025|22012025|1||15|0|0|15|15|1,8|0||340104001|3504107|3104007|
|D190|000|2353|12|15|15|1,8|0||
|D100|0|1|SA20200400501|57|00|000||649279|35250104799398000471570000006492791006492794|09012025|22012025|1||15,45|0|0|15,45|15,45|1,85|0||340104001|3504107|3104007|
|D190|000|2353|12|15,45|15,45|1,85|0||
|D100|0|1|SA20200400501|57|00|000||649284|35250104799398000471570000006492841006492840|09012025|22012025|1||26,36|0|0|26,36|26,36|3,16|0||340104001|3504107|3148004|
|D190|000|2353|12|26,36|26,36|3,16|0||
|D100|0|1|SA20200296501|57|00|000||3272496|35250105209691000151570000032724961576474080|14012025|22012025|0||195,4|0|0|195,4|195,4|23,45|0||340104001|3518800|3556701|
|D190|000|2353|12|195,4|195,4|23,45|0||
|D100|0|1|SA20200296501|57|00|000||3272497|35250105209691000151570000032724971113719132|14012025|22012025|0||198,23|0|0|198,23|198,23|23,79|0||340104001|3518800|3548500|
|D190|000|2353|12|198,23|198,23|23,79|0||
|D100|0|1|SA20200296501|57|00|000||3272498|35250105209691000151570000032724981421333950|14012025|22012025|0||196,98|0|0|196,98|196,98|23,64|0||340104001|3518800|3541000|
|D190|000|2353|12|196,98|196,98|23,64|0||
|D100|0|1|SA20200296501|57|00|000||3272499|35250105209691000151570000032724991356886330|14012025|22012025|0||457,27|0|0|457,27|457,27|54,87|0||340104001|3518800|3548500|
|D190|000|2353|12|457,27|457,27|54,87|0||
|D100|0|1|SA20200215401|57|00|007||134266|35241208186591000307570070001342661000048270|13122024|22012025|0||236,49|0|0|236,49|236,49|28,38|0||340104001|3518800|3300209|
|D190|000|2353|12|236,49|236,49|28,38|0||
|D100|0|1|SA20200215401|57|00|007||134396|35241208186591000307570070001343961000051976|16122024|22012025|0||467,93|0|0|467,93|467,93|56,15|0||340104001|3518800|3304557|
|D190|000|2353|12|467,93|467,93|56,15|0||
|D100|0|1|SA20200215401|57|00|007||134778|35241208186591000307570070001347781000059687|23122024|22012025|0||931,76|0|0|931,76|931,76|111,81|0||340104001|3518800|3304557|
|D190|000|2353|12|931,76|931,76|111,81|0||
|D100|0|1|SA20200215401|57|00|007||134779|35241208186591000307570070001347791000059692|23122024|22012025|0||345,9|0|0|345,9|345,9|41,51|0||340104001|3518800|3304904|
|D190|000|2353|12|345,9|345,9|41,51|0||
|D100|0|1|SA20200400501|57|00|000||649679|35250104799398000471570000006496791006496791|13012025|23012025|1||21,88|0|0|21,88|21,88|2,63|0||340104001|3504107|3119104|
|D190|000|2353|12|21,88|21,88|2,63|0||
|D100|0|1|SA20200742701|57|00|112||12171|31250101610798000407571120000121711451734356|14012025|24012025|1||239,8|0|0|239,8|0|0|239,8||340104001|3125101|4119905|
|D190|040|2353|0|239,8|0|0|0||
|D100|0|1|SA20200400501|57|00|000||643625|35241204799398000471570000006436251006436256|04122024|27012025|0||198,6|0|0|198,6|198,6|23,83|0||340104001|3504107|3145901|
|D190|000|2353|12|198,6|198,6|23,83|0||
|D100|0|1|SA20200400501|57|00|000||644046|35241204799398000471570000006440461006440468|06122024|27012025|0||282,25|0|0|282,25|282,25|33,87|0||340104001|3504107|3106200|
|D190|000|2353|12|282,25|282,25|33,87|0||
|D100|0|1|SA20200400501|57|00|000||646809|35241204799398000471570000006468091006468094|20122024|27012025|0||542,16|0|0|542,16|542,16|65,06|0||340104001|3504107|3106705|
|D190|000|2353|12|542,16|542,16|65,06|0||
|D100|0|1|SA20200400501|57|00|000||649752|35250104799398000471570000006497521006497528|14012025|27012025|1||14,77|0|0|14,77|14,77|1,77|0||340104001|3504107|3106705|
|D190|000|2353|12|14,77|14,77|1,77|0||
|D100|0|1|SA20200215401|57|00|007||134019|35241208186591000307570070001340191000042882|09122024|27012025|0||430,7|0|0|430,7|430,7|51,68|0||340104001|3518800|3304557|
|D190|000|2353|12|430,7|430,7|51,68|0||
|D100|0|1|SA20200215401|57|00|007||134021|35241208186591000307570070001340211000042902|09122024|27012025|0||360,81|0|0|360,81|360,81|43,3|0||340104001|3518800|3304557|
|D190|000|2353|12|360,81|360,81|43,3|0||
|D100|0|1|SA20200215401|57|00|007||134023|35241208186591000307570070001340231000042923|09122024|27012025|0||111,63|0|0|111,63|111,63|13,4|0||340104001|3518800|3304557|
|D190|000|2353|12|111,63|111,63|13,4|0||
|D100|0|1|SA20200746301|57|00|202||41403|42250101610798003929572020000414031364002340|08012025|29012025|0||150,61|0|0|150,61|150,61|18,07|0||340104001|4208203|3125101|
|D190|000|2353|12|150,61|150,61|18,07|0||
|D990|202|
|E001|0|
|E100|01012025|31012025|
|E110|183238,96|0|0|0|89190,26|0|0|0|0|94048,7|0|94048,7|0|0|
|E200|MG|01012025|31012025|
|E210|1|0|484,7|0|0|0|31189,99|0|0|30705,29|0|30705,29|0|0|
|E200|SP|01012025|31012025|
|E210|1|0|876,52|0|0|0|35899,37|0|0|35022,85|0|35022,85|0|0|
|E200|RJ|01012025|31012025|
|E210|1|0|0|0|109,21|0|13529,62|0|0|13420,41|0|13420,41|0|0|
|E250|999|1120,51|08022025|100099|||||012025|
|E250|999|1320,57|08022025|100099|||||012025|
|E250|999|1618,82|08022025|100099|||||012025|
|E250|999|19,08|08022025|100099|||||012025|
|E250|999|529,89|08022025|100099|||||012025|
|E250|999|15,27|08022025|100099|||||012025|
|E250|999|452,53|08022025|100099|||||012025|
|E250|999|2117,83|08022025|100099|||||012025|
|E250|999|176,49|08022025|100099|||||012025|
|E250|999|1039,05|08022025|100099|||||012025|
|E250|999|63,96|08022025|100099|||||012025|
|E250|999|302,47|08022025|100099|||||012025|
|E250|999|23,47|08022025|100099|||||012025|
|E250|999|1478,87|08022025|100099|||||012025|
|E250|999|11,45|08022025|100099|||||012025|
|E250|999|644,81|08022025|100099|||||012025|
|E250|999|34,35|08022025|100099|||||012025|
|E250|999|1063,44|08022025|100099|||||012025|
|E250|999|1387,55|08022025|100099|||||012025|
|E200|RS|01012025|31012025|
|E210|1|0|0|0|0|0|16382,4|0|0|16382,4|0|16382,4|0|0|
|E250|999|78,64|08022025|100099|||||012025|
|E250|999|289,8|08022025|100099|||||012025|
|E250|999|163,79|08022025|100099|||||012025|
|E250|999|417,79|08022025|100099|||||012025|
|E250|999|348,65|08022025|100099|||||012025|
|E250|999|356,51|08022025|100099|||||012025|
|E250|999|1489,52|08022025|100099|||||012025|
|E250|999|220,64|08022025|100099|||||012025|
|E250|999|727,77|08022025|100099|||||012025|
|E250|999|442,85|08022025|100099|||||012025|
|E250|999|72,62|08022025|100099|||||012025|
|E250|999|438,41|08022025|100099|||||012025|
|E250|999|219,83|08022025|100099|||||012025|
|E250|999|453,48|08022025|100099|||||012025|
|E250|999|199,88|08022025|100099|||||012025|
|E250|999|225,64|08022025|100099|||||012025|
|E250|999|205,16|08022025|100099|||||012025|
|E250|999|125,81|08022025|100099|||||012025|
|E250|999|548,42|08022025|100099|||||012025|
|E250|999|279,17|08022025|100099|||||012025|
|E250|999|383,86|08022025|100099|||||012025|
|E250|999|252,3|08022025|100099|||||012025|
|E250|999|1491,71|08022025|100099|||||012025|
|E250|999|140,34|08022025|100099|||||012025|
|E250|999|6809,81|08022025|100099|||||012025|
|E200|PR|01012025|31012025|
|E210|1|0|0|0|0|0|12274,08|0|0|12274,08|0|12274,08|0|0|
|E250|999|9441,22|08022025|100099|||||012025|
|E250|999|83,63|08022025|100099|||||012025|
|E250|999|266,25|08022025|100099|||||012025|
|E250|999|293,71|08022025|100099|||||012025|
|E250|999|393,7|08022025|100099|||||012025|
|E250|999|322,83|08022025|100099|||||012025|
|E250|999|137,02|08022025|100099|||||012025|
|E250|999|472,04|08022025|100099|||||012025|
|E250|999|28,08|08022025|100099|||||012025|
|E250|999|393,7|08022025|100099|||||012025|
|E250|999|420,73|08022025|100099|||||012025|
|E250|999|21,17|08022025|100099|||||012025|
|E300|MG|01012025|31012025|
|E310|0|0|0|0|0|0|0|0|0|0|0|0|0|0|0|0|0|0|0|0|0|
|E300|SP|01012025|31012025|
|E310|0|0|0|0|0|0|0|0|0|0|0|0|0|0|0|0|0|0|0|0|0|
|E500|0|01012025|31012025|
|E510|2411|03|11706,41|0|0|
|E510|2202|03|9037,94|0|0|
|E510|2949|03|543,61|0|0|
|E510|3101|49|224325,58|0|0|
|E510|2152|49|0|0|0|
|E510|2411|00|531,11|440,55|14,31|
|E510|2152|03|1574544,26|45901,7|1407,48|
|E510|2557|03|8241,7|0|0|
|E510|2152|00|217,1|0|217,1|
|E510|1411|03|2559,45|0|0|
|E510|6102|51|417153,21|0|0|
|E510|6910|51|15367,86|0|0|
|E510|6152|53|199140,68|0|0|
|E510|5403|51|207885,07|0|0|
|E510|5403|50|8674,66|7422,26|241,22|
|E510|5910|51|6956,22|0|0|
|E510|6403|51|414920,1|0|0|
|E510|6403|50|48916,95|40579,96|1318,79|
|E510|6102|50|2100,48|2034,36|66,12|
|E510|6403|53|35815,63|0|0|
|E510|6920|99|8241,7|0|0|
|E510|5102|51|408991,12|0|0|
|E510|6910|50|3805,29|3311,28|70,15|
|E510|5910|53|997,44|0|0|
|E520|1033,59|1696,28|1638,89|0|0|976,2|0|
|E990|100|
|G001|1|
|G990|2|
|H001|1|
|H990|2|
|K001|0|
|K010|2|
|K100|01012025|31012025|
|K200|31012025|000008         02|244|0||
|K200|31012025|000012         02|1|0||
|K200|31012025|000029         02|2|0||
|K200|31012025|000030         02|15|0||
|K200|31012025|000038         02|2|0||
|K200|31012025|000039         02|4|0||
|K200|31012025|000064         02|2|0||
|K200|31012025|000066         02|7|0||
|K200|31012025|000069         02|2|0||
|K200|31012025|000098         02|0|0||
|K200|31012025|000102         02|12|0||
|K200|31012025|000103         02|2|0||
|K200|31012025|000463         02|1|0||
|K200|31012025|000706         02|672|1|SA10201109901|
|K200|31012025|001768         02|2|0||
|K200|31012025|001769         02|3|0||
|K200|31012025|004302         02|240|0||
|K200|31012025|008682         02|3|0||
|K200|31012025|010008         02|1|0||
|K200|31012025|010010         02|97|0||
|K200|31012025|010037         02|3|0||
|K200|31012025|010062         02|1|0||
|K200|31012025|010064         02|1|0||
|K200|31012025|013564         02|2|0||
|K200|31012025|013758         02|4|0||
|K200|31012025|PT1016         02|3|0||
|K200|31012025|PT8740         02|2|0||
|K200|31012025|PT8741         02|3|0||
|K990|32|
|1001|0|
|1010|N|N|N|N|N|N|N|N|N|N|N|N|N|
|1990|3|
|9001|0|
|9900|0000|1|
|9900|0001|1|
|9900|0002|1|
|9900|0005|1|
|9900|0015|2|
|9900|0100|1|
|9900|0150|183|
|9900|0175|4|
|9900|0190|4|
|9900|0200|84|
|9900|0990|1|
|9900|B001|1|
|9900|B990|1|
|9900|C001|1|
|9900|C100|266|
|9900|C120|1|
|9900|C170|451|
|9900|C190|391|
|9900|C990|1|
|9900|D001|1|
|9900|D100|100|
|9900|D190|100|
|9900|D990|1|
|9900|E001|1|
|9900|E100|1|
|9900|E110|1|
|9900|E200|5|
|9900|E210|5|
|9900|E250|56|
|9900|E300|2|
|9900|E310|2|
|9900|E500|1|
|9900|E510|24|
|9900|E520|1|
|9900|E990|1|
|9900|G001|1|
|9900|G990|1|
|9900|H001|1|
|9900|H990|1|
|9900|K001|1|
|9900|K010|1|
|9900|K100|1|
|9900|K200|28|
|9900|K990|1|
|9900|1001|1|
|9900|1010|1|
|9900|1990|1|
|9900|9001|1|
|9900|9990|1|
|9900|9999|1|
|9900|9900|51|
|9990|54|
|9999|1791|
